3116 5014
171 457 383 534 ARNOLDI
411 454 656 530 CHRONICA
682 453 949 528 SLAVORUM.
993 455 1082 530 LIB.
1106 456 1148 528 ll.
1201 459 1247 526 41

149 659 349 733 Heinricus
370 657 573 756 episcopus
589 655 688 754 cepit
702 656 858 728 fundare
873 679 969 754 opus
985 656 1133 729 novelle
1146 655 1251 754 plan·
1263 665 1344 722 1177.

146 759 301 833 tationis
320 759 357 832 in
374 757 542 853 Lubeka5
570 756 905 854 congregationem
929 757 1105 830 videlicet
1123 779 1253 828 mona·

150 861 334 955 eborum,
374 883 486 956 quam
522 857 730 930 construxit
763 857 801 929 in
834 857 979 930 honore
1016 867 1147 931 sancte
1184 856 1254 929 Dei

149 959 343 1058 genitricis
388 957 504 1030 Maris
548 957 744 1055 sanctique
782 957 959 1030 Iohannis
1003 956 1254 1055 euangeliste‚

150 1060 337 1156 Auctoris,
348 1057 465 1156 Egidii
482 1055 759 1155 confessorum
772 1058 870 1130 facta
888 1059 1151 1156 sollempniter
1167 1081 1254 1130 con·
1350 1139 1356 1143 .

151 1160 365 1236 sacratione
389 1159 427 1230 in
446 1158 507 1231 die
525 1158 624 1232 beati
642 1159 775 1256 Egidii,
793 1159 999 1233 assistente
1018 1159 1051 1233 ei
1070 1159 1368 1240 Ethelonesnnd.

151 1259 346 1360 preposito
363 1258 517 1332 maioris
535 1261 697 1334 ecclesie
717 1283 804 1334 curn
819 1263 962 1334 decano
984 1265 1116 1336 Odone
1137 1271 1175 1335 et
1188 1264 1254 1336 Ar-

152 1363 264 1434 noldo
275 1363 430 1433 custode
446 1369 484 1432 et
494 1359 576 1432 aliis
589 1361 791 1460 canonicis.
819 1361 1254 1460 Sedquiapropterpau·

154 1486 220 1534 cos
238 1461 380 1534 reditus
395 1461 634 1558 episcopales
648 1463 754 1560 large
771 1487 855 1534 eum
872 1463 989 1535 ditare
1003 1488 1079 1537 non
1094 1473 1266 1561 poteratp

154 1561 310 1635 cuntulit
335 1571 465 1634 tamen
497 1561 534 1635 in
567 1565 700 1634 dotem
720 1563 890 1636 eiusdem
923 1565 1123 1637 ecclesiole
1152 1564 1281 1636 dimi-⁴

154 1663 258 1736 diam
275 1663 401 1734 villam
420 1661 664 1735 Ranziveltb¹
685 1674 722 1735 et
741 1663 853 1735 aliam
872 1664 1039 1737 villulam
1062 1663 1201 1740 Cleve²
1219 1674 1258 1737 et

153 1774 233 1836 tres
253 1762 424 1836 dimidias
440 1763 710 1836 decimationes
726 1763 763 1834 in
778 1765 1042 1864 Gladebrugge
1058 1765 1204 1860 maiori,
1219 1765 1256 1836 in

156 1864 421 1960 Gladebrugge
443 1863 602 1936 minori³
621 1874 658 1936 et
675 1864 712 1936 in
732 1864 1089 1964 Stubbekestnorpt
1123 1867 1257 1940 Curtes

160 1963 321 2038 etiamin
341 1963 490 2036 civitate
508 1965 670 2038 denariis
684 1965 762 2036 suis
779 1966 1023 2063 comparavit,
1039 1967 1258 2064 persolven-

156 2075 216 2138 tes
231 2063 424 2136 annuatim
439 2075 523 2137 octo
536 2088 684 2138 marcas
700 2065 953 2164 denariorum,
968 2077 1005 2139 et
1019 2091 1132 2163 agros
1148 2089 1259 2164 quos·

156 2169 244 2238 dam
270 2165 307 2236 in
334 2187 468 2262 campo
489 2167 659 2238 eiusdem
680 2165 850 2238 civitatis.
894 2169 939 2239 Et
956 2167 1008 2239 itu
1027 2166 1128 2239 omni
1142 2169 1260 2240 'devo-

157 2265 260 2338 tione
292 2265 363 2362 ipsi
396 2266 544 2339 novelle
571 2266 791 2364 plantationi
820 2267 1037 2354 insistebat,
1070 2291 1145 2337 non
1178 2267 1260 2338 sine

158 2389 301 2462 magna
326 2366 554 2439 emulatione
580 2369 814 2464 quorundam
834 2367 896 2462 qui
916 2367 997 2438 eius
1018 2365 1149 2439 studiis
1168 2365 1260 2437 invi·

159 2469 307 2539 debant.
358 2467 486 2563 Ipsam
511 2477 639 2538 tamen
668 2465 775 2562 quasi
806 2465 1068 2565 imperfectam
1100 2465 1262 2563 reliquit,

159 2567 247 2664 quia
262 2588 384 2665 pauco
403 2567 610 2663 supervixit
627 2565 833 2664 tempore⁵.

239 2669 274 2740 6.
301 2666 355 2738 De
379 2665 614 2756 edificacione
638 2669 771 2739 montis
788 2667 1005 2762 Hopelberp.
1065 2666 1261 2741 Odelrieus

160 2775 290 2840 autem
308 2767 639 2840 Halverstadensis
664 2767 863 2866 occupavit
887 2779 1055 2840 montem
1075 2770 1264 2864 quendam

162 2866 225 2963 qui
252 2867 492 2965 liopelberg6
524 2868 674 2964 dicitur,
700 2867 857 2940 firmans
882 2869 956 2940 illic
980 2864 1201 2966 presidium„
1227 2877 1265 2940 et

162 2967 390 3040 adiuvabant
409 2992 496 3040 eum
516 2993 651 3042 manus
671 2968 942 3041 orientaliumt
980 2969 1086 3056 Quod
1106 2968 1264 3042 audiens

162 3071 238 3142 dux
255 3069 360 3141 venit
384 3068 472 3140 illuc
500 3092 584 3142 cum
614 3069 849 3142 multitudine
875 3080 1118 3163 armatorum,
1147 3078 1185 3140 et
1195 3071 1265 3144 ‚ab-

161 3168 271 3242 iectis
291 3168 462 3251 hostibus
488 3169 881 3266 fregitmunitionem.
924 3169 1040 3240 Atilii
1058 3168 1264 3266 resumptis
1364 3229 1367 3244 .

161 3269 303 3343 viribus
323 3279 432 3366 cepto
447 3269 552 3366 operi
574 3269 798 3342 institerunt.
830 3271 1000 3365 Cumque
1020 3269 1185 3341 secundo
1205 3291 1266 3340 oc·

165 3380 334 3442 curreret
353 3369 407 3442 eis
428 3368 615 3442 exercitus
632 3369 750 3461 ducis,
769 3369 819 3440 illi
838 3369 1118 3442 invalescentes
1137 3369 1208 3441 bos
1227 3367 1265 3440 in

164 3469 296 3566 lugam
315 3479 511 3541 verterunt
537 3479 575 3542 et
593 3469 763 3566 plurimis
792 3469 989 3567 captivatis
1009 3470 1128 3567 spolia
1147 3469 1266 3540 multa
1278 3485 1360 3543 1178.

167 3579 406 3668 acceperunt.
437 3569 542 3641 Multi
563 3570 674 3642 etiam
695 3568 888 3667 perierunt
905 3571 954 3641 ibi
974 3568 1148 3644 suffocati
1162 3569 1200 3640 in
1213 3569 1266 3640 lo·

168 3723 195 3795 1)
214 3722 374 3786 Renseveld,
397 3724 459 3777 villa
486 3725 655 3796 parochialis,
693 3721 727 3778 V.
747 3723 865 3776 chartam
892 3722 1058 3777 fundationis
1078 3739 1103 3776 a.
1124 3720 1196 3775 1177
1215 3723 1267 3774 da-

168 3805 224 3850 tam
242 3797 271 3848 in
292 3794 467 3851 Urlrundenb.
488 3798 537 3852 der
556 3795 635 3852 Stadt
655 3795 764 3850 Liibeelr
783 3794 805 3848 Ι.
830 3814 856 3850 n.
877 3795 902 3850 5.
976 3796 1004 3867 2)
1024 3793 1115 3858 Clare,
1134 3797 1163 3848 in
1181 3811 1267 3866 paro-

168 3869 228 3922 cbia
248 3867 400 3928 Reuseveld
420 3871 483 3932 sitm
509 3871 627 3942 quaein
651 3869 804 3938 diplomatis
827 3869 917 3923 verbis
941 3871 1064 3938 puicpur'd
1088 3873 1164 3923 trans
1181 3871 1267 3922 rivum

168 3940 302 4013 (Tramise
320 3959 359 3995 sc.
379 3942 460 3996 bodie
479 3942 587 4012 Tremo)
612 3943 785 4013 significatur.
860 3941 886 4013 3)
907 3940 1115 4010 Gludcnbrugge
1134 3939 1162 3992 in
1181 3955 1267 4009 paro-

169 4013 231 4068 cbia
250 4011 395 4084 Segeberg.
478 4015 505 4088 1)
526 4014 714 4070 Stubbeudori
729 4015 756 4068 in
777 4015 902 4084 parocbia
923 4011 1058 4066 Reinleld.
1146 4011 1171 4082 5)
1191 4009 1267 4066 Obiit

169 4105 194 4141 a.
213 4085 291 4142 1182.
307 4085 375 4143 Nov.
392 4087 438 4150 29,
457 4107 483 4143 v.
502 4089 522 4143 l.
541 4087 591 4142 ΠΙ.
612 4107 636 4143 c.
653 4088 679 4142 3.
773 4087 799 4156 6)
818 4104 902 4156 prope
921 4085 1104 4139 Helberstadt.
1143 4081 1267 4140 Castrum

168 4160 242 4214 idem
262 4160 346 4214 luisse
365 4169 446 4231 patet,
467 4166 539 4233 quod
558 4163 631 4218 nnn.
646 4160 710 4232 Peg.
726 4159 800 4213 1178
816 4157 1011 4214 Biscolesbeim
1031 4158 1166 4228 appellant
1184 4168 1211 4212 et
1224 4155 1268 4210 cui

169 4241 264 4304 postea
280 4249 379 4288 nomeu
393 4231 571 4306 Langeustein
588 4239 679 4289 datum
699 4243 748 4297 est,
768 4252 793 4288 v.
808 4229 907 4287 Cbron.
921 4230 1094 4286 Halberstad.
1115 4233 1157 4286 ed.
1171 4229 1270 4286 Sebatt

167 4323 196 4376 p.
216 4305 262 4358 61.
335 4306 362 4378 7)
382 4323 419 4362 sc.
439 4308 589 4379 princip-um
602 4305 753 4362 ¹Saxouiue.
