3116 5014
261 474 264 483 ’
301 473 515 546 ARNOLDl
543 471 788 546 CHRONICA
815 471 1081 546 SLAVORUM.
1217 473 1240 546 9

1 670 2 674 ’
146 697 222 748 esse
234 682 349 769 patet,
376 673 565 762 nonnuliis
587 672 676 746 locis
702 676 798 747 uotis
825 677 959 746 criticis
985 672 1241 758 adnotandum

148 798 362 848 censuimus.

247 874 364 949 Plura
391 899 434 947 eu
457 899 511 971 eo,
537 874 594 947 hic
618 873 692 946 iilic
718 874 835 947 verbis
854 898 1058 968 parumper
1079 877 1241 970 mutatis,

148 973 343 1069 descripsit
365 975 603 1048 Hermann
615 998 667 1046 us
684 975 722 1046 K
727 998 951 1070 ornerus,
979 977 1084 1047 cuius
1101 974 1244 1048 chroni-

149 1099 217 1148 con
235 1101 265 1148 c.
286 1099 320 1146 a.
344 1076 439 1150 1435
458 1078 702 1170 conscriptum
720 1081 793 1169 est3
812 1100 1023 1173 quanquam
1041 1079 1161 1168 ipsum
1177 1075 1244 1148 Ar·

48 1182 54 1190 “
145 1174 252 1248 noidi
269 1198 398 1248 nomen
415 1174 557 1248 uidetur
574 1179 774 1272 iquorasse.
835 1177 1010 1266 Quicum
1037 1177 1155 1249 honae
1177 1200 1242 1249 no·

148 1281 208 1362 tae
225 1275 319 1348 libro
333 1273 488 1348 Arnoidi
504 1281 554 1350 sit
568 1301 669 1372 usus,
685 1279 889 1370 copiosiore
905 1279 1041 1350 nostris
1058 1300 1147 1350 usus
1166 1299 1244 1350 esse

143 1375 335 1470 putandus
352 1400 426 1450 non
444 1384 505 1450 est.

245 1475 471 1550 Aibertus
496 1476 549 1550 de
576 1475 923 1574 Crummeudph,
951 1501 1045 1575 quoe
1072 1477 1245 1550 deHein·

148 1579 239 1672 rico,
260 1577 438 1653 ,Conrado
456 1579 503 1675 ΙΙ,
530 1576 748 1650 Theoderico
768 1581 945 1672 episcopis
962 1578 1072 1651 hahet
1086 1581 1123 1650 in
1142 1579 1244 1650 chro·
1341 1619 1343 1624 ·

147 1681 229 1750 nico
249 1681 501 1772 episcoporum
509 1679 773 1774 Luhicensium,
792 1678 898 1752 debet
912 1676 1056 1776 quidem
1064 1677 1242 1775 Arnoldo,

148 1777 214 1850 sed
230 1787 361 1852 nomen
380 1782 456 1852 eius
474 1803 546 1852 noo
566 1783 871 1852 commemoravit.

249 1879 414 1952 Plurima
439 1905 481 1952 ec
506 1880 677 1952 chronico
703 1877 859 1953 Arnoidi
881 1876 1006 1952 hausit
1023 1877 1247 1952 Alterius

148 1979 185 2050 K
188 1983 337 2052 rautzi
345 2005 396 2052 us
414 1984 451 2053 in
470 1979 675 2076 Metropoli,
701 1977 909 2077 Wandaiia⁷
929 1979 1107 2053 Souania.
1158 1993 1160 1997 '

248 2080 435 2154 Loudaoit
450 2081 647 2154 chronicon
670 2078 842 2154 Paulus
860 2082 1065 2176 Lanpius
1084 2083 1121 2154 iu
1142 2079 1247 2152 chro-

148 2183 230 2252 nico
251 2181 396 2255 Citiensi
413 2205 447 2254 a.
468 2186 563 2258 1189
583 2189 618 2253 et
637 2185 749 2256 1198:

150 2595 347 2718 lucari
379 2574 633 2700 alsiosa
659 2596 885 2678 sosias
912 2593 1246 2679 ooolcsusis.

321 2809 574 2882 PROLOGUS
603 2809 770 2882 OPERIS
797 2807 1070 2896 SEOUENTIS.

250 2979 395 3076 Damno
415 2989 450 3054 et
466 2983 571 3074 putri
591 2981 757 3074 Phiiippo
771 2981 1078 3076 Racesburqensis
1102 2979 1249 3053 ecclesie

150 3083 303 3153 antistiti
321 3089 356 3154 et
375 3085 552 3154 uniuersis
566 3081 698 3153 ibidem
711 3081 894 3168 fratribus
911 3079 1109 3176 Aruoidus,
1126 3105 1247 3153 servo-

149 3203 232 3252 rum
242 3181 310 3254 Dei
327 3182 489 3277 ultimus
501 3179 660 3254 debitam
678 3185 715 3254 in
725 3179 867 3254 Christo
881 3183 1129 3253 reverentiam.
1151 3181 1248 3270 Quia

152 3281 243 3354 hone
264 3285 435 3354 memorie
454 3281 671 3354 Hcimoidus
695 3281 871 3355 sacerdos
896 3281 1071 3353 historicis
1092 3279 1136 3352 de
1164 3280 1249 3352 suh-

153 3385 295 3455 actione
312 3406 375 3454 seu
393 3385 582 3456 vocatione
601 3381 820 3455 Sciaoorum
846 3388 882 3454 et
903 3387 1005 3476 posta
1019 3384 1248 3478 pontificum,

119 3537 121 3541 s
152 3506 308 3579 quorum
335 3485 513 3556 instantia
539 3483 684 3556 ecclesie
709 3483 843 3555 harum
870 3485 1060 3577 reqionum
1087 3482 1248 3554 invalue-

151 3591 248 3680 root,
267 3583 386 3656 debito
405 3588 485 3680 fine,
504 3591 547 3658 ut
560 3583 685 3680 uoluit,
703 3609 777 3656 non
795 3586 1070 3679 consummavit,
1090 3582 1167 3656 Deo
1187 3605 1248 3654 co·

75 3711 80 3716 ’
154 3691 325 3776 operante
342 3685 425 3757 huic
444 3687 545 3779 operi
562 3684 617 3758 vet
634 3684 756 3774 labori
772 3687 937 3758 insistere
956 3683 1190 3778 decrevimus,
1207 3687 1254 3754 ut

152 3792 230 3856 tam
244 3788 305 3879 pie
323 3785 524 3858 devotionis
542 3792 798 3878 cooperatores
823 3789 1010 3858 existentes
1027 3787 1153 3857 vestris
1170 3785 1248 3869 suf·
1332 3807 1334 3810 ·

151 3885 237 3972 fuiti
252 3887 483 3959 orationibus
496 3889 711 3958 memoriam
727 3889 763 3958 in
778 3884 1020 3958 benedictione
1033 3886 1248 3956 sortiamur.

156 3985 257 4059 Unde
275 4011 451 4082 ropamus
466 3985 702 4080 prudentiam
719 3992 888 4082 uestram7
908 4010 951 4066 ne
969 3987 1177 4057 tenuitatem
1196 3987 1248 4057 in·

150 4090 247 4182 ponii
272 4089 390 4160 nostri
413 4087 468 4159 oei
485 4086 678 4159 oerborum
696 4089 937 4158 rusticitatem
956 4081 1251 4182 attendatisssed

153 4190 322 4260 caritatis
341 4186 579 4282 devotionem,
607 4209 674 4283 que
692 4185 871 4274 confundi
896 4209 970 4258 non
994 4191 1161 4281 meretur,
1182 4187 1250 4279 pia

153 4288 445 4363 consideratione
468 4287 679 4362 advertatis.
716 4287 781 4360 lile
807 4289 934 4360 etenim
952 4288 1007 4360 oir
1032 4289 1180 4382 capacis
1197 4287 1251 4359 iu·
1396 4371 1398 4376 ¹
