3116 5014
187 459 398 534 ARNOLDl
424 457 665 535 CHRONICA
690 457 972 552 SLAVORUM.
993 460 1088 534 ΜΒ.
1107 463 1132 535 l.
1187 464 1234 536 29

133 663 425 758 peregrinamur,
441 663 517 756 ipse
535 657 684 732 dectcra
700 681 771 732 saa
789 659 931 734 excelsa
948 667 981 734 te
999 661 1188 740 benedicat
1204 671 1326 739 etna

134 763 274 836 hostem
290 768 460 836 nostram
477 759 529 833 ad
545 759 693 833 laadan
710 767 747 834 ct
761 760 920 857 gloriam
938 762 1154 840 etlroaarem
1170 791 1235 839 ao-

137 867 244 937 minis
266 867 324 936 sai
345 861 454 935 hodie
471 861 537 934 sab
560 861 715 956 pedibas
739 866 811 934 tais
838 865 1024 947 conterat!
1065 867 1235 964 Respon-

83 1023 86 1033 .
136 965 309 1040 dentibus
328 975 455 1036 autem
475 964 670 1037 omnibus:
708 962 831 1060 Amen,
860 975 897 1038 et
915 964 1103 1064 episcopis
1123 972 1236 1040 bene-

136 1067 338 1163 dictionem
375 1063 701 1160 confirmantibus‚
742 1065 930 1164 processit
971 1076 1053 1161 tyro
1098 1069 1237 1142 Christi

135 1169 263 1266 Drogo
292 1165 438 1240 obviam
467 1166 682 1238 adversario
706 1189 790 1262 suo,
818 1167 990 1241 omnibus
1009 1169 1236 1242 lacrimanti-

15 1332 18 1342 .
136 1273 207 1342 bus
228 1279 264 1342 et
278 1291 406 1365 genua
425 1266 461 1338 in
481 1267 689 1340 orationem
710 1270 755 1340 ad
775 1270 895 1342 Deum
913 1265 1163 1343 flectentibus.
1191 1272 1237 1344 Et

137 1393 227 1442 ecce
254 1368 416 1446 occurrit
443 1367 477 1440 ei
505 1368 643 1462 Golyas
670 1373 870 1468 superbae,
897 1369 1035 1465 Helyas
1061 1371 1236 1444 videlicet

136 1481 322 1570 apostata,
337 1473 382 1542 ab
400 1465 531 1541 humili
550 1469 669 1542 David
688 1471 725 1542 in
744 1469 896 1543 nomine
911 1471 1060 1544 Domini
1075 1472 1236 1546 deicien-

137 1575 219 1669 dus7
245 1575 383 1644 sedens
410 1570 448 1640 in
474 1596 569 1668 equo
586 1571 756 1667 faleratQ
778 1572 883 1644 cuius
907 1573 1140 1670 operimento
1160 1571 1236 1646 filia

135 1672 314 1772 principis
343 1671 828 1746 inseruerat-tintinnabula
854 1673 1036 1772 plurima,
1062 1684 1142 1746 tum
1167 1699 1235 1772 pro

138 1773 405 1868 ostentatione,
420 1783 500 1844 tum
517 1772 603 1871 equi
622 1773 775 1848 alterius
791 1774 994 1872 fugatione.
1019 1775 1237 1849 Providerat

136 1886 264 1949 autem
300 1875 373 1947 hoc
405 1877 478 1948 dux
508 1874 731 1948 Godefridus
752 1876 939 1949 ‘obturatis
966 1875 1117 1950 auribus
1151 1877 1236 1975 equi
1295 1973 1296 1976 Ἴ

138 1977 287 2075 cognati
308 1977 365 2049 su'i
384 1977 469 2048 lana
491 1986 527 2048 et
542 1975 635 2074 pice.
670 1977 985 2052 Concurrentibus
1000 1977 1115 2075 igitur
1129 1979 1235 2076 equis

136 2079 257 2178 primo
277 2079 431 2150 lanceas
452 2077 659 2175 fregerunt⁷
678 2089 765 2176 post
781 2079 818 2150 in
837 2081 955 2176 pedes
975 2079 1152 2176 devoluti⁷
1244 2171 1246 2174 Ι

237 2220 358 2314 Atque
378 2215 439 2290 diu
457 2216 580 2288 valido.
597 2217 780 2290 rimantes
800 2234 957 2314 corpora
976 2217 1089 2314 ferro,
1214 2245 1222 2260 ·

239 2319 375 2392 lctibus
396 2318 550 2390 alternis
571 2341 614 2390 se
634 2317 845 2389 comminus
865 2316 1114 2390 alliciebant1.

137 2473 311 2572 'landem
341 2475 560 2546 recordatus
592 2471 776 2545 Dominus
809 2472 1065 2546 misericordie
1100 2497 1169 2546 sue
1201 2485 1237 2546 et

139 2573 321 2672 veritatis⁷
339 2574 439 2646 dedit
457 2572 651 2646 victoriam
668 2597 778 2646 servo
796 2597 863 2646 suo
881 2575 1022 2672 Droga,
1043 2585 1080 2646 et
1097 2575 1236 2670 Helyas

137 2675 335 2748 interram
362 2675 509 2748 corruit.
552 2674 623 2762 Qui
652 2699 737 2747 cum
756 2685 966 2773 prostratus
987 2686 1103 2772 esset,
1128 2676 1238 2748 itaut

138 2800 213 2847 non
234 2775 368 2849 adiciat
386 2787 427 2849 ut
444 2787 633 2874 resurgat,
659 2776 746 2848 dicit
765 2777 799 2850 ei
817 2779 964 2875 Droga:
1007 2777 1181 2866 Quisnam
1200 2801 1237 2850 es

139 2883 190 2974 ta,
209 2879 271 2974 qai
287 2901 425 2950 mecam
440 2877 613 2973 pugnas?
637 2878 863 2978 Ignorabant
883 2879 983 2950 enirn
1002 2879 1236 2976 atterutrum,

11 3037 15 3042 .
140 2979 362 3076 quiessent.
400 2980 466 3054 Cui
485 2980 547 3052 ille
570 2973 788 3076 respondit?
817 2979 996 3074 Eaasam
1013 2979 1151 3051 Helias.
1193 2981 1237 3052 Et
1359 3053 1361 3062 ,

139 3079 218 3151 ille:
240 3155 242 3160 .
257 3079 352 3169 Quid
366 3079 446 3176 hac)
463 3081 593 3176 inquit,
612 3079 918 3166 facereaolaisti?
937 3079 1127 3175 abacaasti
1138 3079 1237 3152 tart-

139 3187 246 3278 stam‚
261 3181 445 3276 quamodo
463 3189 562 3254 stare
574 3180 726 3273 posses?
752 3179 858 3252 Naar
871 3183 992 3278 itaque
1001 3183 1247 3274 penitentiam,

140 3305 209 3377 aye
227 3288 263 3353 et
276 3281 512 3354 reconciliare
529 3280 606 3352 Dea
629 3287 704 3376 tao7
732 3285 819 3378 qaia
837 3284 1043 3354 misericors
1062 3289 1116 3354 est
1133 3289 1169 3354 ct
1183 3306 1237 3354 re·

127 3389 275 3454 uertere
293 3407 431 3454 mecam
449 3385 486 3454 ia
505 3389 640 3454 castra.
677 3382 806 3455 Habeo
826 3385 930 3479 caim,
957 3389 1000 3455 at
1014 3386 1122 3479 aosti,
1147 3407 1237 3480 qaa-

140 3491 226 3556 taar
243 3483 349 3556 arbes
368 3490 403 3556 et
419 3482 516 3556 dabo
535 3483 600 3555 att
618 3483 725 3581 duas,
753 3507 845 3580 qaas
864 3484 992 3580 eligere
1009 3483 1178 3581 colueris,
1204 3491 1240 3557 et

140 3605 306 3657 sororem
336 3579 472 3680 meam,
501 3588 810 3681 coasaaqaiaeam
841 3584 963 3681 dacis,
993 3588 1143 3681 iaaaam
1174 3585 1238 3670 tibi

140 3689 398 3782 matrimonio,
433 3692 469 3758 et
490 3688 560 3758 eris
593 3685 637 3758 dc
660 3685 963 3775 familiarissimis
997 3685 1111 3759 dacis.
1165 3685 1237 3773 Qui

140 3787 351 3884 respondit:
370 3786 610 3884 Nequaquam
619 3817 634 3882 5
651 3809 837 3885 aaaqaam
852 3791 945 3861 eninr
958 3787 1066 3878 fidem
1074 3789 1236 3882 priorem
1271 3791 1274 3796 ’

139 3887 299 3984 violabo,
311 3912 377 3960 aec
389 3887 558 3960 recedam
572 3913 596 3960 a
608 3889 765 3984 aenero²
778 3913 868 3961 mco.
899 3891 948 3962 At
961 3889 1023 3962 ille
1039 3888 1237 3960 decollavit

140 4013 237 4066 eum.
269 3991 315 4062 Et
328 3987 591 4086 magnificatus
611 3999 670 4062 est
686 3990 868 4064 Dominus
887 3989 925 4062 in
944 3989 1037 4088 suis,
1057 4000 1096 4062 et
1111 4013 1237 4063 reces-

140 4100 273 4163 serunt
290 4090 452 4188 gentiles
472 4093 518 4164 de
539 4100 675 4187 castro,
696 4099 732 4162 et
750 4091 901 4165 intravit
917 4091 1005 4162 illud
1025 4092 1098 4194 dux
1117 4091 1240 4164 Goda‘

141 4271 166 4341 l)
187 4269 249 4327 Duo
269 4273 416 4328 hexametri
437 4291 469 4326 ex
488 4282 611 4344 poemate
630 4273 746 4328 sortasse
761 4273 814 4328 huc
833 4273 963 4338 translati,
984 4291 1017 4328 ex
1032 4293 1086 4348 quo
1102 4284 1155 4330 tota
1169 4275 1236 4331 hacc

20 4405 23 4411 ,
138 4348 259 4403 narratio
278 4348 387 4402 fluxisse
404 4349 521 4401 videtur.
595 4346 623 4419 2)
644 4347 689 4402 Sic
707 4365 756 4420 pro
775 4363 876 4421 sacac,
898 4348 965 4402 sicut
979 4348 1007 4402 in
1027 4349 1046 4404 l.
1066 4347 1102 4402 ll.
1123 4367 1146 4402 c.
1165 4348 1211 4406 22.
