3116 5014
321 467 374 541 ,66
425 461 638 538 ARNOLDl
665 458 908 534 CHRONICA
931 457 1198 534 SLAVORUM.
1238 459 1395 564 brnn.

237 664 487 750 mandationis
524 665 603 739 suis
630 673 774 737 emerat
806 673 843 736 et
873 666 982 736 beate
1013 661 1081 736 Dei
1113 657 1283 760 genitrici
1299 646 1436 734 'Marie

327 777 533 865 sanctoque
552 765 679 838 loanni
705 763 949 862 ewangeliste
974 763 1010 835 in
1038 765 1172 836 eodem
1195 760 1433 836 monasterio

327 866 548 968 optulerat¹.

402 971 461 1044 22.
479 966 533 1040 De
549 964 668 1039 reditu
685 968 917 1060 imperatoris
938 971 974 1038 et
990 963 1097 1038 csilio
1116 963 1231 1038 ducis.
1261 964 1431 1063 Impera·

325 1082 384 1145 tor
409 1093 499 1141 vero
526 1067 612 1141 inde
638 1065 856 1164 regrediens
884 1065 1054 1138 transivit
1073 1066 1217 1139 Albiam
1247 1075 1284 1138 ct
1302 1075 1432 1138 castra
1536 1093 1538 1116 =

326 1180 502 1265 metatus¹
516 1179 574 1242 est
597 1167 697 1241 iuxta
721 1168 924 1266 Luneburg
946 1169 992 1240 ad
1015 1168 1167 1266 plagam
1193 1167 1429 1240 orientalem.

326 1273 408 1346 Dux
427 1281 568 1366 autern,
585 1280 625 1342 ut
643 1293 755 1368 supra
776 1267 915 1342 dictum
935 1279 1006 1356 est,
1026 1271 1122 1368 apud
1138 1268 1305 1342 Stadium
1326 1265 1430 1366 posi·
1536 1315 1538 1326 ·

325 1384 386 1446 tus
406 1383 538 1445 eratet
551 1370 625 1444 illic
644 1395 685 1444 se
702 1370 808 1469 quasi
828 1380 980 1468 propter
998 1370 1069 1442 loci
1091 1368 1307 1442 firmitatem
1321 1391 1430 1440 rece·
1536 1373 1538 1414 ÷

326 1484 447 1574 perat,
470 1473 556 1570 quia
575 1472 646 1546 etsi
665 1475 711 1546 ab
729 1473 900 1546 hostibus
919 1471 1024 1545 locus
1044 1471 1126 1570 ipse
1147 1479 1356 1569 caperetur,

376 1576 461 1674 lpse
480 1586 607 1648 tamen
626 1597 695 1672 per
713 1597 831 1671 aquas
851 1597 894 1646 se
911 1575 1072 1646 evadere
1088 1596 1201 1671 posse
1217 1575 1405 1671 sperabat.

325 1676 487 1748 Maximo
513 1675 612 1748 enirn
639 1675 736 1746 vallo
765 1673 952 1747 civitatem
979 1676 1101 1773 ipsam
1128 1673 1431 1746 circumdederat

327 1787 364 1860 et
383 1775 608 1849 munitiones
626 1774 854 1848 fortissimas
874 1799 959 1847 curn
979 1775 1163 1848 machinis
1182 1773 1317 1848 ibidem
1337 1797 1431 1844 con-

325 1886 521 1951 struxerat.
552 1877 598 1949 Et
612 1874 841 1950 Gunzelinus
866 1899 1009 1970 canses,
1028 1875 1089 1975 qui
1109 1875 1233 1974 ipsum
1256 1899 1349 1973 opus
1364 1898 1429 1946 ur-

326 1981 451 2076 gebat,
471 1987 594 2050 turres
617 1975 836 2049 monasterii
859 1981 966 2050 beate
985 1977 1140 2075 virginis
1162 1976 1313 2072 Manet
1337 1976 1427 2074 quia

324 2078 436 2152 nimis
461 2077 622 2176 contigui
646 2077 866 2152 videbantur
880 2078 1090 2171 munitioni,
1110 2078 1312 2152 temerario
1327 2103 1425 2151 ausu

326 2179 517 2253 destruxit.
542 2179 648 2268 Quod
662 2179 743 2252 sine
758 2189 865 2252 reatu
881 2179 1178 2279 perpetrarinon
1194 2178 1323 2279 potuit.
1346 2179 1424 2252 Sed

324 2306 391 2380 pro
421 2281 688 2354 abundantiore
713 2281 859 2354 cautela
883 2283 970 2354 dum
996 2281 1084 2353 talia
1103 2281 1207 2377 liunt.
1239 2280 1423 2354 maiorem

326 2407 418 2481 sepe
437 2383 582 2455 ruinam
603 2407 670 2480 per
688 2382 756 2454 Dei
775 2382 977 2455 vindictam
1004 2393 1216 2480 operantur.
1258 2383 1340 2455 Dux
1358 2405 1424 2453 au-

323 2495 401 2557 tem
427 2508 469 2556 se
491 2483 622 2556 videns
649 2483 685 2554 in
705 2493 786 2554 arto
805 2483 969 2582 positum
994 2486 1141 2582 rogavit
1159 2489 1337 2562 domnum
1356 2490 1424 2563 im·

323 2594 561 2682 peratorem,
592 2594 632 2655 ut
666 2583 784 2682 ipsius
819 2588 1003 2658 conductu
1033 2587 1179 2660 veniret
1208 2589 1423 2690 Luneburg,

325 2708 484 2784 sperans
512 2708 554 2758 se
580 2687 676 2782 apud
700 2683 823 2782 ipsum
853 2685 975 2782 aliquo
994 2697 1104 2783 pacto
1124 2691 1422 2767 misericordiam

322 2785 502 2858 invenire.
534 2784 605 2872 Qui
625 2809 710 2858 curn
730 2785 827 2856 inter
844 2785 1131 2885 Hertheneburg
1150 2801 1187 2862 et
1205 2790 1422 2867 Bardewich

325 2889 609 2979 conduceretura
624 2885 784 2958 occurrit
801 2885 835 2957 ei
848 2886 1042 2959 multitudo
1060 2889 1218 2966 militurn
1230 2895 1423 2970 decastris

323 2987 575 3086 imperatoris⁷
601 2984 755 3086 pacifice
776 2987 982 3062 salutantes
1007 3013 1105 3064 eum.
1148 2991 1291 3080 Quibus
1320 3020 1422 3069 resa-

323 3089 471 3162 lutatis:
512 3086 595 3162 Non
627 3111 897 3186 consueveram,
933 3089 997 3186 ait,
1023 3092 1060 3164 in
1082 3091 1138 3164 bis
1156 3094 1329 3187 partibus
1352 3097 1425 3170 uli·

323 3193 426 3263 cuius
454 3188 673 3262 conductum
699 3192 875 3284 accipere,
912 3189 977 3263 sed
1009 3195 1128 3288 magis
1153 3192 1253 3268 dure.
1299 3199 1345 3270 Et
1368 3199 1422 3272 ita

322 3291 479 3364 veniens
498 3291 712 3389 Luneburg,
736 3291 909 3374 omnibus
936 3294 1057 3366 modis
1078 3318 1145 3392 per
1162 3295 1419 3373 internuncios

323 3393 490 3496 animum
509 3393 746 3491 imperatoris
770 3392 889 3466 lenire
910 3395 1060 3467 studuit.
1104 3397 1280 3494 Captivos
1305 3400 1422 3474 etiam

323 3493 672 3588 su0s‚L0dewicum
685 3493 936 3590 lantgravium
948 3496 1247 3572 et'Hermannum
1263 3499 1419 3574 fratrem

323 3594 404 3668 eius
429 3594 657 3692 palatinum,
691 3596 736 3667 de
764 3594 977 3692 captivitate
1004 3597 1162 3693 laxavit,
1189 3624 1348 3698 sperans
1376 3627 1420 3676 se

249 3751 251 3759 ι
321 3695 381 3768 his
397 3693 588 3770 beneficiis
604 3695 762 3792 gratiam
779 3696 940 3793 aliquam
955 3699 1113 3794 mereri3
1133 3710 1192 3774 set
1204 3701 1318 3775 nichil
1332 3703 1421 3778 inde

323 3807 547 3870 consecutus
569 3808 637 3869 est.
677 3795 888 3892 Imperator
909 3807 1036 3870 tamen
1056 3800 1141 3873 inde
1161 3801 1418 3902 proficiscens7

323 3897 462 3970 curiam
483 3899 579 3996 apud
599 3897 943 3994 Quidelingenburg
962 3898 995 3972 ei
1014 3899 1174 4000 prefixit,
1198 3914 1237 3976 ut
1254 3904 1302 3978 ibi
1320 3904 1422 3980 inter

320 3998 510 4097 principes
530 3998 614 4096 quid
630 4001 676 4072 de
691 3998 771 4096 ipso
787 3997 1054 4096 lieret,iustitia
1075 4005 1276 4102 mediante,
1291 4008 1419 4079 decer·

321 4110 484 4173 neretur.
526 4100 631 4174 Unde
654 4099 773 4198 gavisi
799 4111 886 4174 sunt
904 4123 1038 4176 omnes
1058 4103 1167 4179 amici
1186 4106 1303 4203 ducis,
1331 4131 1420 4206 spe·

321 4253 347 4328 1)
366 4253 398 4309 V.
418 4227 502 4326 ipsius
520 4254 633 4310 Arnoldi
658 4255 776 4310 chartam
802 4254 830 4308 in
860 4252 1033 4312 Urluudeab.
1059 4259 1085 4312 d.
1110 4255 1150 4313 St.
1169 4257 1278 4314 Liibeclr
1299 4259 1320 4328 l,
1341 4279 1366 4315 n.
1388 4261 1420 4318 6,.

319 4328 347 4401 2)
366 4335 438 4383 extra
459 4345 556 4381 muros.
