3116 5014
197 430 410 506 Annonnr
435 431 679 507 cneorum
705 432 972 508 suavorum.
1013 435 1099 512 nn.
1119 438 1144 512 1.
1200 386 1249 514 17¹

146 633 313 732 partibus
338 635 526 708 ululantes
551 634 833 710 invalescebant
858 637 1032 726 maximis
1059 639 1335 716 vocifera-nn.

145 735 325 833 tionibus,
353 745 553 834 sperantes
579 737 634 810 sic
659 735 793 810 terreri
819 739 1025 814 exercitum
1050 739 1173 836 ducis,
1202 751 1243 813 ut

144 836 334 933 fugientes
358 841 455 911 bona
474 861 542 910 sua
557 837 784 935 proicerent,
813 848 851 910 et
867 837 942 912 illic
960 842 1117 938 predam
1133 865 1243 939 rape·

143 947 237 1010 rent.
263 939 346 1012 Dux
365 948 492 1012 autem
511 962 745 1036 consurgens
765 963 850 1012 cum
869 939 947 1014 suis
966 943 1012 1014 ad
1031 965 1137 1014 arma
1157 966 1242 1014 con-

143 1039 314 1136 volabat,
346 1050 384 1112 et
410 1039 587 1114 circuibat
609 1039 808 1114 Heinricus
835 1041 1068 1116 marscalcus
1098 1066 1240 1140 cogens

142 1139 282 1214 milites
309 1164 442 1214 omnes
470 1143 515 1214 ad
534 1140 713 1215 vexillum
733 1141 837 1214 ducis
858 1142 1072 1217 convenire.
1110 1141 1240 1236 Servi1

142 1240 258 1312 etiarn
282 1265 327 1314 ex
354 1266 428 1313 una
453 1253 560 1336 parte
588 1247 656 1317 sub
685 1243 854 1326 custodia
874 1267 991 1342 equos
1023 1249 1239 1342 servabant,

136 1341 276 1439 vquibus
299 1352 521 1441 preceptum
549 1354 642 1440 erat,
670 1354 710 1416 ut
737 1344 768 1417 si
795 1343 940 1442 priores
968 1342 1148 1418 insultum
1173 1346 1239 1418 ho·

140 1442 255 1514 stium
283 1443 537 1541 excepissent,
565 1444 647 1517 sine
673 1469 780 1517 mora
806 1445 983 1519 militibus
1003 1446 1237 1543 nunciarent,
1300 1456 1301 1460 ’

16 1609 21 1615 .
140 1555 181 1616 ut
191 1542 360 1640 ‘presidio
376 1541 431 1618 eis
450 1545 596 1617 fierent.
627 1545 709 1618 Fuit
724 1556 851 1619 autem
871 1571 1052 1620 numerus
1071 1547 1238 1620 virorum

140 1643 379 1718 educentium
391 1645 556 1743 gladium
567 1645 669 1719 mille
684 1647 844 1720 ducenti.
863 1647 1032 1746 Cumque
1047 1658 1087 1721 ut
1098 1647 1237 1720 dictum

138 1755 200 1818 est
226 1745 364 1820 milites
391 1771 524 1820 omnes
550 1751 596 1821 ad
615 1751 750 1821 ducem
772 1747 957 1845 venirent,
983 1751 1239 1822 ascenderunt

140 1846 317 1920 etiamad
338 1871 425 1933 eurn
445 1849 637 1923 Conradus
658 1849 859 1948 episcopus
889 1859 925 1922 et
951 1852 1105 1924 abbates
1124 1849 1237 1922 Hein-

138 1947 239 2028 ricus
268 1958 305 2020 et
322 1947 520 2022 Bertoldus
550 1961 587 2022 et
613 1952 796 2045 sedebant
817 1945 918 2022 iuxta
942 1953 1088 2024 ducem.
1132 1951 1235 2024 Duce

139 2058 267 2120 autem
287 2052 443 2122 sedente
463 2051 500 2122 in
519 2051 647 2148 armiS,
670 2075 855 2124 accensus
876 2061 934 2124 e'st
952 2076 1067 2150 rogus
1086 2051 1235 2149 ingens,

139 2161 177 2222 et
196 2153 319 2222 stabat
337 2160 424 2224 ante
445 2174 531 2224 eum
551 2151 780 2225 Guncelinus
810 2176 939 2226 comes
960 2164 998 2226 et
1016 2153 1152 2250 quique
1177 2177 1235 2223 ro-

138 2251 347 2348 bustiores,
378 2252 517 2325 mutuis
547 2277 588 2326 se
617 2253 936 2326 exhortationibus
966 2254 1235 2350 confortanteS,

139 2361 176 2424 et
202 2352 322 2424 subito
342 2353 477 2450 prodiit
502 2354 639 2450 sagitta
666 2364 703 2426 et
721 2353 854 2426 cecidit
870 2375 1086 2452 propeeos.
1129 2353 1234 2426 Unde

138 2453 303 2526 exterriti
324 2453 483 2526 celerius
504 2479 607 2526 arma
628 2453 841 2552 corripiunt.
882 2453 1009 2527 Subito
1030 2463 1155 2526 autern
1171 2475 1234 2526 ve·

137 2553 191 2625 nit
210 2554 270 2652 qui
289 2555 442 2652 diceret,
463 2565 583 2628 castra
604 2555 731 2628 domni
744 2554 1039 2630 Wormaciensis
1059 2559 1103 2629 ab
1118 2555 1235 2628 hosti-

137 2659 206 2728 bus
222 2667 402 2754 occupata
420 2666 457 2729 et
471 2656 627 2730 militem
643 2681 759 2728 unurn
774 2667 977 2753 mortuum,
997 2656 1135 2753 sagitta
1149 2679 1232 2754 per-

136 2781 305 2855 cussum,
328 2768 365 2830 et
383 2781 514 2830 servos
535 2760 641 2855 duoS,
661 2782 819 2855 quorum
838 2757 933 2830 alter
951 2781 1070 2856 nsque
1089 2759 1134 2830 ad
1155 2781 1232 2830 me-

135 2857 237 2929 dium
257 2857 355 2930 diem
371 2859 576 2957 supervixit
595 2869 632 2932 et
651 2869 820 2931 mortuus
842 2869 909 2932 est.
941 2859 1030 2932 Tela
1047 2859 1147 2932 enirn
1166 2859 1232 2931 ha-

134 2961 224 3031 bent
237 2959 412 3051 toxicata,
430 2969 467 3032 et
484 2959 657 3059 quicquid
673 2960 953 3033 vulneraverint
968 2969 1128 3033 mortem
1145 2984 1231 3033 eva-

135 3061 224 3132 dere
252 3085 328 3132 non
360 3071 497 3159 potest.
539 3060 672 3134 Audito
702 3061 822 3158 igitur,
848 3071 926 3134 tam
960 3060 1055 3134 tristi
1086 3061 1230 3159 nuntio,

134 3161 255 3234 subito
281 3161 389 3236 missi
415 3171 503 3236 sunt
528 3165 573 3235 ad
602 3172 726 3236 castra
752 3161 918 3260 episcopi
941 3161 1072 3258 viginti
1091 3161 1229 3236 milites

133 3261 290 3359 loricati,
316 3261 379 3360 qui
403 3263 600 3337 venientes
626 3266 755 3337 hostes
782 3263 927 3336 fortiter
952 3265 1118 3336 cedendo
1146 3287 1231 3362 pre·

133 3367 299 3460 mebant,
331 3375 368 3437 et
393 3389 489 3438 unus
513 3364 647 3440 balista
673 3365 811 3437 feriens
835 3374 927 3436 nutu
946 3364 1014 3438 Dei
1034 3388 1054 3437 e
1073 3363 1230 3462 regione

131 3463 321 3560 percussit
348 3468 481 3538 ducern
508 3465 655 3540 illorum
676 3477 712 3539 et
729 3463 928 3538 transfodit
948 3489 1044 3538 eum.
1083 3466 1149 3538 lllo
1171 3490 1229 3539 ca-

132 3565 245 3638 dente
256 3559 321 3638 ‘alii
335 3567 464 3664 fugam
479 3567 653 3666 inierunt,
672 3577 707 3640 et
723 3592 796 3643 non
812 3563 1054 3640 adiecerunr²
1071 3566 1227 3640 ulterius

94 3701 101 3712 1
132 3665 316 3764 impetere
341 3678 464 3741 castra
483 3669 599 3742 ducis.

206 3767 317 3840 Facto
338 3779 464 3842 autern
490 3794 615 3860 mane,
641 3779 721 3842 orta
742 3780 801 3843 est
826 3769 961 3844 nebula
982 3767 1228 3862 densissima,

132 3877 170 3939 et
188 3869 357 3968 precepit
375 3873 448 3944 dux
472 3895 520 3945 ne
540 3881 663 3944 castra
684 3883 893 3969 moverent,
912 3873 1033 3944 donec
1051 3869 1230 3944 deficeret

131 3971 278 4043 nebula.
321 3971 415 4044 Cum
441 3997 531 4046 vero
562 3973 619 4046 sol
644 3972 876 4069 incaluisset,
899 3971 1057 4071 profecti
1084 3981 1173 4045 sunt
1192 3983 1230 4046 et

131 4070 304 4144 viderunt
331 4073 477 4146 eminus
503 4074 636 4147 hostes
663 4083 740 4146 tota
767 4074 825 4147 die
853 4073 1086 4170 insidiantes,
1114 4071 1146 4148 si
1165 4073 1228 4148 ali-

130 4223 155 4350 ll)
169 4226 193 4351 't
213 4243 236 4278 e.
253 4226 360 4352 gromuli,
381 4227 513 4298 armigeri,
535 4225 662 4283 German.
681 4226 816 4300 Knappcn.
892 4226 918 4298 2)
939 4225 972 4284 V.
983 4199 1073 4284 notam
1090 4229 1125 4282 ad
1135 4227 1227 4284 Helm.

142 4339 148 4353 .
181 4318 232 4354 .r.
291 4341 298 4354 .

971 4377 993 4449 2
