3116 5014
345 452 394 521 48
446 445 656 520 ARNOLDI
684 443 925 520 CHRONICA
951 441 1217 517 SLAVORUM.
1269 441 1364 516 LlB.
1392 442 1436 514 11.

251 645 564 744 1179.principum.
601 646 708 734 Quod
727 643 943 742 intelligens
958 645 1044 737 dux,
1064 665 1108 714 eo
1124 641 1257 714 venire
1275 641 1464 716 dissimu-

342 745 464 820 lavit1.
504 746 714 843 lmperator
738 754 864 818 autem
888 743 1001 816 aliam
1024 744 1058 815 ei
1081 743 1224 818 curiam
1255 741 1401 816 indixit
1426 741 1463 814 in

273 844 609 946 lun.Magdeburg²,
625 845 685 918 ubi
699 845 917 920 Thidericus
934 843 1101 918 marchio
1117 845 1163 918 de
1176 843 1463 918 Landesberclr

276 938 323 991 ²4·
342 949 508 1022 duellum
529 956 657 1020 contra
678 969 764 1018 eum
784 943 1189 1044 expetiit7imponens³
1211 943 1247 1016 ei
1263 947 1463 1041 quasdam

341 1044 586 1124 traditiones⁴
614 1056 742 1119 contra
765 1045 966 1144 imperium
990 1046 1121 1118 factas.
1160 1044 1298 1117 Verius
1324 1056 1462 1118 tamen

342 1158 496 1248 propter
509 1146 804 1244 indignationem
824 1148 859 1220 id
875 1147 1015 1220 lactum
1029 1145 1147 1220 luisse
1165 1145 1353 1241 creditum
1371 1145 1462 1242 quia

342 1249 466 1323 Sclavi
487 1247 598 1322 exciti
617 1272 638 1322 a
657 1250 751 1320 duce
769 1271 922 1320 omnem
941 1257 1083 1320 terram
1101 1246 1198 1320 illius
1219 1270 1299 1343 que
1314 1246 1460 1319 Lusice

332 1349 474 1422 dicitur
491 1348 831 1446 irrecuperabiliter
849 1356 1101 1422 vastaverant.
1126 1349 1208 1420 Dux
1227 1357 1369 1420 autem
1385 1347 1460 1418 hoc

341 1453 661 1545 animadvertens7
688 1449 817 1522 venire
842 1449 968 1520 noluit.
1012 1449 1051 1520 ln
1071 1446 1293 1520 Haldeslef⁵
1320 1457 1458 1522 tamen

339 1552 580 1645 constitutus⁷
607 1573 676 1648 per
702 1549 959 1622 internuncios
984 1547 1210 1646 colloquium
1230 1548 1370 1622 domni
1389 1548 1458 1619 im·

340 1651 526 1751 peratoris
555 1650 718 1748 expetiit.
763 1650 971 1746 Imperator
993 1649 1122 1747 itaque
1150 1647 1265 1720 exivit
1294 1651 1345 1722 ad
1367 1671 1458 1721 eum

339 1756 388 1825 ad
402 1753 528 1824 locum
544 1750 680 1848 placiti.
708 1749 829 1834 Quem
851 1753 924 1822 dux
945 1749 1066 1824 verbis
1087 1747 1314 1847 compositis
1331 1749 1456 1822 lenire

342 1852 493 1929 studuit.
528 1851 737 1948 Imperator
766 1861 892 1924 autem
920 1851 1083 1948 quinque
1105 1850 1206 1922 milia
1228 1873 1455 1923 marcarum

340 1957 387 2026 ab
408 1977 453 2024 eo
473 1951 638 2050 expetiit,
658 1952 731 2024 hoc
750 1952 783 2024 ei
803 1955 897 2024 dans
917 1951 1128 2048 consilium,
1148 1961 1188 2023 ut
1206 1951 1313 2023 hunc
1333 1953 1455 2024 hono·

342 2079 422 2126 rem
442 2053 683 2150 imperatorie
703 2052 891 2126 maiestati
910 2053 1074 2126 deferret
1093 2061 1131 2124 et
1150 2051 1205 2124 sic
1222 2050 1310 2148 ipso
1332 2049 1454 2124 medi·

342 2165 428 2228 ante
450 2153 611 2251 gratiam
636 2153 861 2252 principum,
889 2177 983 2250 quos
1004 2153 1226 2247 offenderat,
1246 2151 1452 2224 inveniret.

340 2255 395 2328 llli
414 2266 540 2328 autem
560 2257 691 2326 durum
712 2255 835 2328 visum
856 2265 914 2327 est
931 2265 1074 2326 tantam
1095 2251 1319 2350 persolvere
1335 2275 1453 2351 pecu·

341 2357 456 2446 niam,
478 2366 514 2428 et
532 2380 606 2430 non
627 2355 874 2452 acquiescens
898 2355 1023 2428 verbis
1042 2352 1283 2452 imperatoris
1306 2355 1452 2426 disces·

343 2457 401 2530 sit.
442 2457 584 2528 Exinde
611 2457 816 2552 imperator
846 2456 996 2528 tertiam
1028 2455 1063 2527 ei
1095 2453 1238 2526 curiam
1270 2452 1450 2527 Goslarie

339 2555 502 2655 prefixit,
522 2579 592 2626 nec
607 2556 730 2626 minus
746 2556 849 2628 illam
867 2558 1149 2654 supersedendo
1166 2555 1346 2650 neglexit.
1376 2553 1451 2624 Im·

340 2665 493 2754 perator
511 2654 636 2752 itaque
655 2658 864 2752 procedens
892 2656 928 2728 in
954 2655 1189 2749 concionem⁷
1213 2655 1449 2728 sententiam

340 2759 523 2852 adversus
541 2779 625 2827 eum
643 2755 850 2854 proposuit,
870 2779 1049 2853 querens,
1068 2755 1154 2853 quid
1169 2755 1311 2828 iustitia
1333 2775 1450 2852 super

339 2858 414 2929 vhoc
436 2859 627 2951 decernat7
651 2860 747 2954 quod
773 2855 883 2928 tertio
902 2855 1071 2953 legitime
1090 2867 1247 2930 vocatus
1266 2856 1449 2930 iudicium

340 2956 585 3030 declinaverit
605 2967 641 3028 et
660 2982 728 3054 per
747 2967 1006 3055 contemptum
1026 2959 1072 3030 ad
1088 2957 1318 3030 audientiam
1335 2977 1447 3030 suam

340 3057 470 3130 venire
490 3057 661 3132 noluerit.
697 3057 764 3132 Cui
784 3081 830 3129 ex
850 3056 1036 3131 sententia
1057 3057 1267 3155 principum
1287 3080 1448 3156 respon-

339 3183 426 3232 sum
448 3168 518 3255 est,
537 3161 635 3256 quod
654 3159 816 3232 dictante
835 3157 975 3231 iustitia
994 3157 1096 3230 omni
1111 3157 1159 3230 sit
1173 3159 1317 3230 honore
1333 3154 1448 3231 desti·

340 3263 516 3355 tuendus,
543 3260 593 3332 ita
619 3269 659 3331 ut
687 3259 960 3356 proscriptione
980 3257 1127 3356 publica
1147 3257 1386 3354 diiudicatus,
1410 3265 1447 3328 et

341 3362 477 3430 ducatu
494 3368 532 3431 et
546 3359 718 3434 omnibus
733 3357 926 3433 beneficiis
947 3369 1086 3454 careat,
1105 3369 1144 3432 'et
1158 3360 1252 3434 alter
1267 3357 1302 3429 in
1318 3361 1446 3432 locum

341 3459 422 3530 eius
438 3471 652 3555 consurgat.
685 3458 915 3534 Confirmata
934 3459 1046 3556 igitur
1061 3459 1263 3556 sententia,
1282 3459 1446 3559 impera·

340 3571 400 3631 tor
428 3559 652 3632 adiudioavit
680 3558 771 3632 lieri.
808 3561 989 3648 Quartam
1008 3571 1136 3634 tamen
1157 3562 1279 3634 adhuc
1299 3559 1444 3634 curiam

242 3705 245 3712 -
341 3669 474 3756 rogatu
488 3659 697 3758 principum
719 3661 753 3733 ei
768 3659 917 3757 in'dixit3
937 3664 983 3734 ad
998 3687 1112 3758 quam
1127 3686 1213 3734 cum
1227 3683 1303 3734 non
1318 3661 1445 3736 venis·
1523 3701 1524 3706 =

342 3771 420 3858 set,
451 3760 540 3834 lecit
571 3771 610 3832 ut
641 3761 815 3859 superius
851 3786 897 3834 ex
929 3763 1116 3836 sententia
1151 3763 1365 3862 principum
1390 3761 1444 3832 in·

342 3870 506 3934 structus
536 3871 635 3956 erat,
670 3872 708 3934 et
729 3861 962 3956 Bernardum
1000 3863 1176 3938 comitem
1210 3860 1444 3960 dehllnahalt

341 3985 408 4059 pro
430 3984 473 4033 eo
494 3963 627 4034 ducem
648 3962 848 4059 constituit,
870 3976 907 4038 et
926 3964 1128 4062 episcopis7
1151 3974 1192 4036 ut
1211 3990 1281 4044 sua
1299 3965 1444 4063 recipe·

343 4141 368 4212 1)
388 4141 407 4195 i.
429 4159 452 4198 e.
474 4143 627 4200 citationem
647 4163 676 4200 se
694 4148 830 4218 recepisse
850 4147 1037 4202 dissimularit.
1102 4147 1129 4219 2)
1149 4147 1209 4203 lun.
1225 4147 1273 4202 24.
1332 4145 1358 4218 3)
1379 4145 1397 4198 i.
1417 4158 1440 4196 e.

343 4232 481 4270 accusans.
520 4216 559 4272 lta
581 4228 607 4273 et
626 4237 650 4272 c.
673 4219 715 4274 19.
814 4218 840 4290 4)
861 4219 879 4274 i.
899 4237 922 4274 e.
943 4219 1117 4290 proditiones.
1156 4220 1195 4274 lta
1216 4228 1242 4274 et
1261 4238 1283 4274 c.
1307 4217 1348 4286 19,
1369 4219 1388 4274 1.
1410 4211 1441 4278 V,
1494 4271 1497 4274 .

334 4288 384 4360 ⁴26,
407 4289 424 4343 l.
445 4287 493 4354 Vl,
515 4289 558 4345 13.
635 4291 660 4362 5)
681 4290 961 4347 Neu-Haldensleben
981 4293 1052 4347 iuxta
1073 4294 1182 4348 llurium
1203 4292 1287 4350 0hre.
