3116 5014
183 473 391 548 nnuonni
419 473 660 550 cunamen
686 443 955 549 snnvonuu.
997 475 1083 548 nn
1104 478 1129 550 1.
1182 479 1230 553 25

133 675 271 750 tissimi
290 675 441 774 triginta
461 697 544 748 cram
560 675 677 749 frenis
694 677 884 773 argenteis
905 687 942 750 et
961 677 1064 751 sellis
1080 677 1230 776 optimis
1242 695 1323 752 1172.

135 779 181 850 de
212 777 324 875 pallio
360 786 398 850 et
424 779 537 850 ebore
563 777 802 874 compositis,
837 801 931 876 quos
963 779 1047 852 duci
1073 779 1230 852 tradidit.

135 879 245 952 Dedit
270 879 304 950 ei
332 878 444 950 etiam
473 901 540 950 sex
558 879 691 950 domos
719 877 901 952 filtrinas1
926 879 1133 952 secundum
1154 903 1233 952 mo·

135 1003 216 1053 rem
234 990 336 1052 terre
354 977 452 1051 illius
473 989 509 1050 et
528 1002 595 1051 sex
616 979 796 1076 cameloS,
812 980 874 1078 qui
893 1005 959 1054 eas
974 981 1128 1077 ferrent,
1148 1006 1232 1054 cum

136 1080 272 1177 servis,
291 1078 352 1178 qui
372 1103 436 1153 eas
463 1081 652 1153 ducerent.
683 1080 829 1154 Addidit
847 1081 905 1154 his
925 1083 1018 1154 duos
1032 1083 1233 1180 leopardos

137 1192 175 1254 et
194 1205 311 1280 equos
331 1191 369 1253 et
387 1204 538 1254 servos:
557 1182 654 1254 docti
674 1181 899 1286 enimlerant
913 1187 1047 1256 sedere
1062 1183 1098 1255 in
1115 1185 1233 1282 equis.

138 1284 306 1380 Cumque
320 1281 493 1354 omnibus
512 1283 633 1356 modis
649 1283 920 1380 benignissime
941 1309 1030 1356 eum
1043 1295 1233 1380 tractaret,

138 1383 262 1480 arguit
288 1407 374 1456 eum
404 1385 476 1456 dux
497 1385 542 1456 de
563 1385 830 1482 superstitione
859 1385 1090 1482 gentilitatis,
1118 1387 1234 1458 multa

137 1485 266 1558 dicens
291 1485 325 1556 ei
353 1487 398 1557 de
423 1483 680 1558 incarnatione
702 1485 837 1560 Christi
866 1497 903 1558 et
921 1485 993 1558 lide
1012 1487 1199 1559 katholica
1209 1486 1234 1559 ².

138 1585 209 1674 Qui
228 1589 485 1683 respondens:
512 1584 595 1658 Noa
608 1593 672 1681 est,
692 1586 755 1683 ait,
774 1585 925 1676 difficile
937 1587 990 1659 ad
1003 1587 1234 1684 credendam,

138 1686 236 1784 qaod
253 1685 363 1783 Deus,
382 1685 531 1784 quando
549 1686 675 1783 voluit,
695 1686 739 1759 de
752 1687 991 1760 immaculata
1004 1691 1140 1784 alapiae
1154 1713 1235 1761 aar·

61 1809 63 1814 ·
137 1812 218 1860 aem
242 1791 457 1884 assumpsit,
485 1791 547 1884 qai
570 1787 751 1861 hominem
773 1791 933 1882 primam
958 1789 1002 1862 de
1028 1789 1115 1862 limo
1141 1797 1236 1863 terre

133 1889 346 1982 plasmavit.
378 1889 499 1984 Forte,
519 1889 602 1987 quia
623 1893 669 1962 de
689 1889 815 1962 heresi
832 1891 1098 1964 Nicolaitarum
1119 1890 1235 1986 erat³‚

137 1991 252 2064 libros
266 1989 385 2086 Moysi
404 1991 584 2086 audierat,
600 1989 635 2073 in
653 1990 787 2088 quibus
801 1993 846 2063 de
861 1991 1111 2089 plasmatione
1126 1993 1236 2090 primi

139 2092 302 2166 hominis
321 2093 477 2189 legerat.
514 2091 608 2165 Sunt
627 2093 726 2164 enim
747 2093 851 2164 multi
870 2093 1047 2190 gentiles,
1066 2094 1128 2191 qui
1147 2118 1237 2192 pen·

139 2194 356 2267 tateuchum
377 2192 495 2287 Moysi
519 2193 714 2290 recipiunt,
743 2218 813 2266 uec
840 2203 967 2265 tamen
996 2199 1041 2266 ab
1067 2195 1237 2281 idolatria

142 2305 306 2391 cessant7
333 2305 374 2367 ut
400 2295 487 2366 olim
507 2293 743 2367 Samaritani.
783 2295 888 2367 Unde
915 2294 1049 2366 mulier
1075 2295 1238 2368 Samari·

141 2396 283 2468 tanain
305 2395 503 2492 euangelio
528 2394 633 2466 dicit:
675 2393 840 2494 Barsipa,
864 2394 1036 2490 arataeo,
1055 2395 1238 2490 propheta

143 2521 180 2569 es
197 2503 246 2592 ta,
267 2507 303 2569 et
323 2493 483 2568 reserat.

220 2601 275 2672 10.
301 2597 504 2670 Incidenda
524 2595 568 2666 de
590 2619 671 2696 repe
691 2597 872 2669 Conrado.
905 2596 1092 2670 Dimissus
1111 2597 1238 2697 itaque

142 2701 253 2772 duxa
275 2699 443 2793 soldano.
467 2701 647 2770 deductus
674 2709 733 2770 est
754 2697 954 2794 lsmilam⁵‚
981 2698 1064 2772 inde
1085 2698 1238 2797 comm,

143 2825 213 2898 que
234 2811 293 2873 est
312 2799 443 2872 civitas
463 2799 669 2892 Tuscorum
689 2799 939 2896 capitalistt
958 2799 1042 2872 inde
1062 2825 1238 2898 progres-

144 2926 210 2974 sus
236 2901 398 2974 venitin
424 2910 563 2973 terram
591 2902 781 2972 desertam
801 2911 838 2972 et
865 2900 1006 2973 aridam
1026 2902 1151 2999 nimis7
1178 2902 1239 2975 ubi

5 3007 7 3014 ’
125 3003 275 3076 dicitur
290 3004 481 3078 Conradus
502 3025 567 3074 rex
583 3001 736 3074 stetisse
752 3026 836 3074 cum
853 3003 1019 3074 exercitu
1034 3027 1102 3076 suo
1113 3002 1139 3098 ⁷7
1154 3003 1238 3101 quia

142 3115 297 3202 propter
321 3103 474 3175 nimiam
495 3114 594 3175 terre
614 3103 850 3176 solitudinem
873 3102 997 3175 multis
1017 3103 1065 3176 ibi
1083 3104 1184 3176 fame
1204 3114 1243 3200 et

145 3206 206 3278 siti
231 3205 487 3278 deficientibus
519 3206 725 3301 procedere
757 3227 830 3275 non
860 3214 1016 3300 poterat.
1066 3205 1239 3276 Traditus

146 3307 246 3380 enim
266 3331 287 3379 a
306 3309 459 3379 ductore
485 3305 543 3378 vie
562 3305 697 3401 fuerat,
725 3307 822 3402 quod
852 3303 1007 3376 consilio
1026 3305 1128 3402 regis
1149 3305 1240 3379 Gre-

145 3433 273 3480 corum
300 3407 450 3505 quidam
474 3407 614 3478 facturn
634 3405 772 3501 dicunt,
804 3429 848 3478 eo
869 3407 965 3502 quod
985 3405 1083 3478 idem
1104 3409 1246 3482 Conra-

145 3512 215 3583 dus
240 3509 277 3580 in
297 3519 396 3580 terra
417 3532 484 3580 sua
505 3532 589 3580 cum
609 3508 722 3579 nimia
743 3506 976 3580 multitudine
996 3507 1055 3580 diu
1075 3509 1186 3581 fuerit
1205 3519 1246 3581 et
1328 3576 1333 3592 ,

148 3634 233 3682 eum
255 3609 383 3682 videre
408 3609 578 3682 noluerit.
620 3609 686 3681 Est
712 3608 810 3682 enim
831 3611 991 3705 quedam
1011 3609 1241 3684 detestabilis

149 3714 380 3806 consuetudo
394 3711 475 3808 regi
488 3711 710 3806 Graecorum..
723 3710 783 3807 qui
798 3710 910 3782 etiam
921 3721 1075 3810 propter
1085 3711 1249 3783 nimium

149 3847 175 3916 1)
194 3845 321 3902 Tentoria
343 3865 357 3902 e
376 3847 437 3901 lana
458 3857 557 3922 coacta?
578 3863 658 3920 quarn
679 3847 791 3900 dicimus
812 3845 874 3904 na.
902 3844 932 3898 V.
952 3845 1079 3916 Bangert.
1141 3848 1168 3912 2)
1188 3845 1246 3900 Hic·

146 3920 253 3974 videtur
271 3938 331 3976 esre
349 3937 395 3977 rex
413 3939 542 3992 paganus,
563 3923 596 3974 de
616 3939 670 3991 quo
689 3920 788 3990 legitur
807 3919 916 3974 inAnn.
928 3917 1023 3974 Colou.
1040 3937 1108 3974 mar.
1124 3937 1148 3974 a.
1161 3919 1241 3986 1173,

146 3993 179 4048 T.
190 3993 279 4048 XVll.
300 4013 327 4066 p.
345 3993 408 4050 786.
446 3995 548 4048 lbidem
569 4011 662 4048 omnes
682 3995 799 4064 captivos
819 3992 978 4047 christianos
998 3993 1030 4044 ab
1052 4009 1084 4046 eo
1104 3993 1242 4047 absolutos

148 4085 207 4122 esso
226 4077 361 4122 narratur.
473 4068 498 4139 3)
520 4067 557 4120 lta
585 4068 698 4120 sortasse
716 4065 854 4119 Arnoldus
879 4075 970 4119 noster
991 4065 1115 4134 opinatur
1134 4077 1243 4138 propter

146 4141 327 4213 polygamiam
346 4142 410 4194 buic
429 4151 517 4194 sectae
536 4142 702 4211 imputatam.
777 4139 803 4210 4)
823 4139 934 4194 lohann.
956 4138 982 4204 4,
1004 4138 1046 4192 19.
1113 4139 1139 4210 5)
1158 4139 1243 4206 lsmil,

145 4216 219 4269 rivus
239 4225 267 4270 et
285 4215 363 4270 locus
379 4215 450 4269 inter
469 4213 587 4268 Altscba
608 4213 712 4267 Schebr
731 4221 756 4266 et
775 4211 905 4269 leonium.
987 4211 1013 4281 6)
1032 4213 1156 4285 Kouyeh‚
1177 4215 1243 4269 olim

148 4285 281 4348 leonium.
384 4289 410 4354 7)
430 4290 500 4342 inter
519 4285 645 4342 Nicaeam
665 4297 691 4342 et
710 4285 830 4341 leonium
851 4304 873 4338 a.
896 4285 974 4339 1147.
995 4305 1030 4340 m.
1050 4285 1171 4342 Octobri.
1210 4285 1243 4342 V.

147 4380 228 4433 supra
248 4361 338 4417 llelm.
358 4363 376 4416 l.
396 4361 416 4416 l.
438 4381 460 4416 c.
482 4363 525 4418 60.
