3116 5014
172 474 381 550 ιιιιιοιιιι
407 473 650 551 canonica
679 442 944 550 staverun.
987 473 1072 550 un.
1097 473 1140 552 ιι.
1192 481 1240 554 ιι

135 687 226 749 rent
254 700 325 776 que
357 675 395 749 in
428 674 610 752 beneficio
633 675 832 774 habuerat
859 673 1051 750 mandavit
1078 687 1116 750 et
1142 681 1239 752 bona

139 779 221 852 eius
238 777 418 876 publicari
432 773 632 876 precepit¹.
662 776 767 850 Unde
781 787 937 876 accepta
949 777 1149 852 occasione
1162 779 1239 877 qui·

138 881 226 952 dam
246 882 291 952 de
311 877 390 952 suis
411 879 560 952 alienati
580 881 732 951 suntab
752 902 808 952 eo.
852 880 933 952 Dux
954 889 1081 952 autem
1099 877 1237 953 iniuste

138 982 185 1052 de
205 1004 248 1054 se
267 979 469 1053 iudicatum
486 1002 573 1052 esse
588 977 813 1078 affirmabat,
828 979 957 1053 dicens
973 1003 1017 1053 se
1037 982 1083 1054 de
1098 980 1236 1054 Suevia

138 1081 350 1178 oriundum,
377 1092 413 1153 et
431 1081 574 1154 nullum
599 1081 873 1180 proscriptione
892 1081 1087 1179 dampnari
1107 1106 1235 1180 posse,

138 1182 211 1254 nisi
231 1181 441 1255 convictum
460 1182 496 1253 in
517 1191 618 1255 terra
638 1181 842 1255 nativitatis
863 1206 941 1256 sue.

220 1287 276 1356 11.
295 1281 349 1353 De
361 1281 521 1355 seeundo
536 1281 759 1375 expeditione
770 1283 926 1378 Philippi
937 1281 1160 1356 Calontenses
1174 1306 1235 1356 ur·

132 1381 360 1478 chiepiscopi.
396 1385 450 1457 Ειι
474 1408 518 1456 eo
539 1383 651 1481 igitur
670 1384 865 1483 tempore²
884 1383 1127 1481 multiplicata
1147 1395 1234 1457 sunt

130 1485 234 1556 mala
251 1484 368 1556 multa
383 1483 421 1556 in
435 1495 548 1582 terra,
560 1485 645 1583 quia
660 1510 793 1559 omnes
810 1488 1089 1582 consurgebant
1103 1487 1233 1558 adver-

128 1609 200 1658 ›sus
224 1587 372 1681 ducem,
391 1596 427 1659 et
442 1610 577 1659 manus
597 1587 764 1660 omnium
785 1598 913 1660 contra
934 1611 1019 1660 eum
1040 1595 1077 1658 et
1095 1609 1231 1659 manus

127 1687 213 1759 cius
234 1697 363 1758 contra
380 1685 546 1760 omnes3.
575 1688 766 1786 Philippus
783 1688 881 1762 enim
894 1685 1128 1764 Coloniensis
1144 1711 1231 1758 con·

127 1797 250 1860 tracto
271 1788 436 1860 exercitu
461 1791 666 1862 secundam
696 1789 971 1888 expeditionem
996 1787 1230 1886 instauravit

132 1888 322 1962 habens
313 1915 351 1960 ιιι
385 1888 562 1962 comitatu
594 1915 662 1963 suo
694 1891 777 1965 illos
804 1915 961 1989 quorum
994 1899 1098 1962 secta
1125 1887 1231 1962 rote⁴

10 2019 13 2026 ·
126 1988 276 2065 dicitur.
328 1990 617 2088 Rursumque
607 2017 644 2064 m
681 2017 795 2065 mann
830 1993 952 2065 valida
988 1969 1230 2088 pertransivit

125 2115 285 2164 omnem
300 2101 440 2164 terram
456 2092 623 2188 ducis'.t
586 2117 605 2165 e
608 2093 840 2166 timuerunt
852 2091 1167 2166 omnesaiacre
1135 2115 1228 2164 erus

126 2192 243 2264 Facta
270 2202 358 2264 sunt
382 2203 508 2265 autem
536 2165 824 2267 abhominabilia
850 2194 965 2267 multa
986 2203 1024 2265 et
1041 2191 1171 2289 gravia
1190 2193 1228 2263 in

130 2293 364 2390 profectione
391 2293 467 2390 illa,
496 2317 540 2366 eo
567 2298 662 2392 quod
689 2294 757 2366 viri
775 2295 903 2392 iniqui,
926 2293 990 2366 filii
1008 2293 1137 2389 belial,
1165 2293 1228 2389 qui

125 2394 406 2467 comitabantur
424 2419 509 2468 cum
530 2418 588 2492 eo,
608 2394 892 2468 sceleratissimi
908 2405 1038 2468 essent
1056 2403 1093 2466 et
1111 2393 1229 2466 scele-

84 2545 87 2549 -
128 2493 1229 2593 ribusperficiendisinexplebiliterinsisterent.Factesunt
1295 2525 1298 2530 ·

125 2605 259 2668 antem
275 2595 538 2668 cimiteriorum
559 2597 859 2696 depredationes,
875 2593 1120 2670 ecclesiarum
1140 2617 1229 2667 erru-
1333 2662 1337 2670 .

125 2696 288 2795 stiones,
317 2707 354 2770 et
379 2698 495 2770 multa
519 2698 600 2771 loca
627 2699 819 2796 religionis
844 2701 1033 2784 destructa
1053 2706 1153 2790 sunt,
1176 2697 1227 2769 ita
1314 2703 1316 2708 ’

126 2808 183 2894 ut,
211 2801 307 2896 quod
327 2798 426 2871 dictu
450 2799 600 2896 gravius
621 2809 692 2895 est,
711 2825 872 2898 sponsas
891 2799 959 2872 Dei
978 2797 1084 2896 quasi
1113 2798 1227 2896 capti·
1328 2797 1331 2806 ’

129 2923 197 2972 vas
232 2899 428 2996 abigerent
455 2911 491 2972 et
518 2925 583 2974 eas
611 2903 867 3000 prostituendo
893 2901 1034 2999 templa
1059 2899 1128 2972 Dei
1151 2923 1225 2971 non

124 3002 364 3074 manufacta
389 3001 830 3100 libidinosepolluerent.
873 3001 965 3089 Quis
992 3024 1065 3073 non
1085 3010 1226 3098 gemat,

122 3105 227 3200 -quod
254 3104 441 3174 sacerdoti
467 3103 719 3176 sacrosanctis
740 3103 917 3176 misteriis
938 3101 1130 3176 assistenti
1150 3125 1225 3172 non

127 3213 392 3301 pepercerunt,
416 3206 481 3276 sed
500 3203 753 3302 impingentes
772 3204 809 3276 in
830 3229 929 3300 eum.
948 3205 1109 3276 necdum
1128 3206 1224 3276 bene

121 3305 326 3402 completis
347 3305 609 3400 sacramentis⁷
625 3305 780 3378 calicem
796 3307 841 3378 de
861 3329 973 3376 manu
995 3303 1075 3376 eius
1091 3327 1225 3401 rapue-

123 3405 238 3478 runt?
282 3406 397 3478 Multa
425 3406 536 3478 etiam
561 3407 635 3478 alia
660 3405 940 3480 sceleratissimi
965 3404 1015 3476 illi
1034 3415 1225 3503 perpetra-

11 3543 12 3546 *
130 3517 279 3601 verunt⁷
305 3531 377 3604 que
402 3531 469 3604 pro
497 3507 718 3580 enormitate
745 3507 891 3606 nephas
910 3505 977 3579 suit
1004 3505 1168 3579 scribere
1189 3515 1226 3578 et

121 3606 240 3680 nimis
260 3618 447 3684 venenata
466 3607 617 3686 auribus
636 3607 801 3681 fidelium
828 3607 1034 3681 infundere.
1073 3608 1225 3705 Episco-

10 3709 12 3712 ’
121 3733 199 3804 pus
219 3719 346 3781 autem
364 3711 574 3806 procedens
593 3710 798 3802 llaldeslef‚
819 3733 930 3806 quam
951 3709 1222 3784 Wichmannus

119 3809 434 3908 archiepiscopus
455 3811 790 3908 lldagdeburgensis
811 3813 1011 3884 obsederat
1024 3833 1109 3882 cum
1125 3807 1223 3906 prin-

126 3909 271 4007 cipibus
289 3911 543 4009 orientalibuS,
560 3913 774 3984 confortans
790 3937 925 3985 manus
942 3935 1086 4006 eorum,
1096 3933 1222 3982 rever

129 4045 153 4115 1)
176 4043 217 4099 De
243 4049 323 4101 curiis
350 4057 440 4101 contra
461 4046 618 4101 Heinricum
644 4047 742 4100 habitis
768 4058 795 4102 et
823 4050 857 4102 de
882 4057 938 4102 tolo
963 4064 1132 4118 processuv.
1153 4063 1222 4124 quae

129 4119 184 4188 egit
202 4117 356 4175 Weiland
348 4140 377 4174 ιιι
397 4121 586 4191 Forsohungeo
605 4139 652 4174 zur
667 4121 819 4188 Deutschen
831 4120 929 4176 Gescb
941 4120 973 4174 Τ
986 4118 1045 4174 Vll.
1118 4119 1145 4189 2)
1164 4115 1223 4176 scil.

10 4205 12 4210 ·
129 4191 255 4248 altro
330 4193 356 4265 3)
373 4192 442 4249 ben
462 4195 508 4258 16,
520 4195 561 4246 12.
636 4194 663 4266 4)
682 4193 782 4250 Manes
796 4212 953 4249 mercenaru
947 4193 1137 4263 intelligendi
1152 4202 1223 4260 sunt

126 4267 274 4319 secundum
295 4264 395 4322 Chron.
414 4267 532 4337 Repgav.
553 4269 604 4340 (ed.
621 4264 819 4339 Massrnanup.
837 4267 900 4340 428)
922 4270 955 4322 de
973 4265 1131 4338 Burgundio
1151 4270 1223 4322 etde
1301 4288 1302 4291 ¹

120 4337 247 4394 terraS.
264 4339 371 4408 Aegidii
390 4339 428 4412 (S.
448 4339 552 4412 Gilles).
967 4419 990 4490 4
