3116 5014
229 479 235 490 ·
348 458 396 529 38
447 452 658 528 ARNOLDI
688 451 929 528 CHRONICA
955 451 1222 528 SLAVORUM.
1266 452 1353 526 LlB.
1382 453 1428 526 11.

255 678 335 735 ιιιι.
345 655 456 730 luente
484 653 766 728 benevolentiam
786 659 959 730 nostram
984 651 1132 728 habeas.
1176 655 1347 752 Cumque
1374 654 1458 726 dux

345 757 468 830 adhuc
495 765 673 830 renueret
699 765 737 826 et
763 757 808 826 ad
832 777 944 826 onrne
969 754 1192 852 obsequium
1213 779 1255 826 se
1275 763 1457 852 paratum

344 855 513 952 offerret
544 879 586 928 se
610 865 741 928 tamen
768 853 805 928 in
832 853 982 954 propria
1002 877 1166 952 persona
1184 854 1313 928 venire
1332 878 1457 952 nega·

344 967 403 1030 ret
405 909 640 1069 ‚imqierator
655 978 890 1054 consurgens
906 957 952 1028 sle
967 955 1063 1028 solio
1083 979 1166 1068 suo,
1187 965 1316 1054 utpote
1334 978 1455 1053 quem

347 1057 524 1155 angustie
543 1061 735 1150 tenebant3
751 1059 795 1128 ad
808 1055 976 1154 pedes
944 1079 1023 1127 erus
1038 1055 1187 1128 corruit.
1219 1056 1302 1128 Dux
1320 1066 1455 1128 autem
1540 1069 1541 1116 ῑ

345 1159 594 1230 vehementer
625 1161 868 1230 conturbatus
898 1159 944 1228 de
976 1179 1016 1230 re
1040 1166 1118 1228 tam
1145 1155 1323 1252 inaudita,
1350 1158 1457 1254 quod
1539 1223 1541 1250 q

345 1256 565 1332 humiliatus
592 1257 629 1330 iu
656 1267 758 1330 terra
782 1257 926 1330 iaceret
944 1260 1014 1330 sub
1042 1281 1115 1356 quo
1140 1267 1317 1330 curvatur
1334 1256 1455 1353 orbis,
1539 1251 1541 1292 1

346 1357 569 1457 quantocius
606 1381 692 1430 cunr
725 1368 873 1430 aterra
899 1357 1061 1453 levavit,
1096 1379 1168 1429 nec
1203 1367 1332 1430 tamen
1367 1357 1454 1430 eius
1540 1365 1541 1388 ³

346 1458 551 1532 consensui
571 1457 738 1530 animum
758 1458 960 1530 inclinavit.

421 1561 455 1632 2.
482 1558 536 1631 De
550 1560 827 1652 conspiracione
848 1561 885 1631 in
903 1556 1042 1630 dacem.
1097 1559 1307 1656 Imperator
1320 1568 1454 1630 autem

344 1682 414 1756 pro
440 1669 613 1756 temporo
634 1658 869 1732 dissimulata
891 1657 960 1754 ira,
987 1682 1099 1756 quam
1127 1681 1173 1730 ex
1199 1658 1314 1732 nimia
1334 1658 1454 1731 animi

345 1758 574 1831 verecundia
606 1768 791 1854 tranerat⁷
816 1781 995 1832 reversus
1028 1757 1150 1831 estin
1182 1759 1327 1832 ltaliam
1362 1783 1452 1832 cum

323 1857 528 1953 exercitu,
554 1882 667 1956 quem
695 1869 784 1930 tunc
812 1859 1036 1930 contrahere
1060 1869 1221 1956 poterat,
1248 1860 1451 1934 adiuvante

346 1969 475 2057 partes
511 1958 606 2032 eius
630 1958 733 2030 omni
765 1958 942 2034 instantia
978 1959 1190 2032 Christiano
1217 1959 1450 2056 Magorum,

347 2059 410 2156 qui
438 2058 551 2138 etiam
582 2083 702 2155 usque
728 2061 773 2131 ad
801 2057 916 2131 finem
946 2059 1021 2132 vite
1055 2084 1123 2132 sne
1149 2059 1451 2156 Langobardiam

346 2158 556 2254 vastabam
584 2159 773 2233 subiciens
802 2184 888 2232 eam
910 2160 1083 2257 imperio,
1110 2161 1193 2257 plus
1219 2161 1370 2258 placere
1390 2184 1452 2232 cu-

346 2259 456 2359 piens
476 2260 695 2358 imperatori
714 2271 865 2332 terreno
891 2285 1004 2358 quam
1030 2261 1175 2357 celesti,
1202 2272 1239 2333 et
1265 2259 1449 2358 neglectis

346 2363 479 2434 ovibus
508 2360 578 2434 sibi
606 2360 820 2434 commissis
848 2361 972 2458 magis
999 2361 1135 2434 tributa
1167 2361 1309 2436 cesaris
1337 2385 1450 2458 quam

347 2462 452 2534 lucra
469 2461 606 2538 Christi
627 2461 837 2558 colligebat.
876 2462 1085 2558 Imperator
1106 2461 1233 2559 itaque
1251 2485 1451 2560 prospera·

347 2571 409 2636 tus
432 2561 627 2632 victoriam
655 2564 814 2658 adeptus
846 2571 905 2633 est
929 2565 1033 2634 etad
1058 2562 1290 2635 voluntatem
1309 2565 1449 2634 abusus

349 2670 408 2732 est
426 2671 528 2756 terra
546 2659 608 2732 illa
627 2660 810 2733 incendiis
831 2671 868 2732 et
887 2661 1229 2759 depredationibus,
1248 2665 1450 2736 devastans

348 2783 502 2832 omnem
522 2759 711 2834 civitatem
737 2759 930 2835 munitam.
973 2761 1018 2834 Et
1036 2765 1234 2836 contritum
1257 2773 1317 2836 est
1335 2786 1450 2836 cornu

228 2880 230 2887 ’
349 2849 666 2956 adversariorum,
693 2871 731 2933 et
755 2861 966 2934 siluerunt
957 2887 994 2934 m
1015 2873 1222 2960 conspectu
1242 2861 1358 2936 erus²
1394 2861 1452 2933 Vi·
1540 2873 1541 2962 f

348 2963 441 3034 dens
469 2961 596 3058 itaque
624 2964 804 3074 quodt
741 2964 828 3034 data
853 2973 958 3035 esset
981 2963 1146 3060 requies,
1174 2962 1451 3062 opportunitate
1540 2969 1541 2992 ³

322 3123 326 3130 .
349 3069 458 3134 nacta
478 3061 693 3135 convocatis
713 3061 944 3175 principibus
959 3064 1074 3136 multa
1091 3075 1219 3136 contra
1235 3064 1452 3137 Heinrioum

349 3162 485 3234 ducem
504 3162 672 3260 allegare
692 3162 804 3260 cepit,
836 3165 1108 3262 quodpropter
1134 3165 1290 3238 nimium
1310 3165 1450 3238 fastum

349 3262 525 3360 superbie
545 3285 614 3335 sue
640 3269 786 3335 tantum
805 3263 963 3360 imperio
985 3275 1247 3378 contemptum
1276 3265 1451 3340 exhibue·
1508 3352 1510 3354 ,

348 3361 408 3456 rit
427 3372 467 3434 ut
486 3386 531 3434 eo
551 3373 638 3435 ante
658 3367 775 3476 pedes
792 3363 874 3444 eius
890 3364 1096 3463 humiliata
1116 3366 1217 3438 nullo
1233 3389 1320 3439 eum
1339 3363 1452 3438 mise·

349 3461 505 3534 rationis
516 3463 649 3535 intuitu
666 3464 703 3535 in
718 3475 820 3536 tanta
837 3465 1067 3540 necessitate
1079 3466 1450 3539 constitutumatten·

270 3598 273 3603 ·
330 3600 333 3604 ·
352 3563 442 3633 dere
461 3561 637 3675 dignatus
657 3563 782 3660 fuerit
802 3575 838 3636 et
853 3567 1032 3680 despecta
1047 3589 1088 3638 re
1104 3566 1251 3665 publica
1277 3579 1314 3640 et
1327 3575 1451 3640 aucto-

350 3661 460 3734 ritate
485 3661 732 3776 imperatorie
759 3665 967 3740 maiestatis
995 3667 1183 3764 neglecta,
1213 3692 1326 3740 omne
1352 3666 1450 3738 auxi·

348 3762 440 3834 lium
465 3762 653 3836 obstinato
672 3763 797 3838 animo
817 3766 851 3838 ei
870 3769 1076 3864 negaverit
1112 3768 1178 3840 His
1199 3768 1340 3842 auditis
1353 3767 1449 3882 prin-

351 3863 475 3960 cipes,
511 3865 572 3962 qui
602 3888 688 3937 eum
713 3867 818 3963 prius
847 3870 1021 3964 oderant,
1054 3879 1210 3966 accepta
1238 3869 1449 3962 occasione,

351 3974 480 4036 contra
500 3988 587 4036 eum
608 3966 725 4038 multa
741 3969 919 4066 conqueri
936 3979 1129 4066 ceperunt
1150 3979 1188 4042 et
1203 3979 1448 4068 cooperantes
1523 4011 1526 4018 ·

351 4133 376 4200 1)
397 4129 516 4190 Oblita.
538 4135 618 4192 1183.
692 4137 718 4210 2)
740 4136 819 4193 Conl.
843 4140 867 4193 1.
888 4139 1000 4211 nequ,
1023 4141 1103 4195 1.-
1124 4139 1259 4206 Quantum
1281 4141 1473 4196 haecuostti'

349 4208 511 4336 pcqratiota
541 4227 604 4264 vero
633 4211 776 4266 abhorreat
803 4221 890 4282 patet:
929 4214 1055 4283 cogitavit
1089 4218 1122 4268 de
1154 4215 1187 4268 iis
1219 4231 1289 4285 quae
1324 4231 1347 4267 a
1384 4213 1450 4266 1162

361 4295 418 4332 acu
440 4298 488 4333 un
