3116 5014
345 459 389 529 ro
433 451 646 526 nnuonnr
673 437 918 527 annorum
945 452 1213 528 sunvonuu.
1241 453 1367 528 mni.

250 662 332 722 ¹¹⁷2·
341 655 572 738 habitatores
588 653 695 728 Servi
714 654 899 750 dicuntur,
918 653 983 726 lilii
1001 655 1131 751 Belial⁷
1150 654 1232 728 sine
1251 655 1340 753 iugo
1354 655 1437 753 Dei,
1459 691 1464 696 ·

339 756 527 832 illecebris
547 753 670 828 carnis
691 763 728 828 et
746 755 835 852 gule
861 755 973 828 dediti
998 765 1035 828 et
1062 759 1271 829 secundum
1297 780 1437 829 nomen
1496 815 1501 825 .

342 882 451 932 suum
472 854 723 930 immundiciis
743 854 918 929 omnibus
937 856 1147 930 servientes
1168 867 1205 930 et
1222 857 1323 930 iuxta
1338 857 1438 929 loco·

341 982 424 1031 ram
453 957 670 1056 qualitatem
706 955 917 1030 bellualiter
947 957 1120 1053 vivendo,
1159 957 1289 1031 bestiis
1323 957 1436 1030 etiarn

341 1059 582 1156 agrestiores
619 1056 784 1154 Subiecti
810 1067 938 1129 tamen
962 1068 1170 1130 noscuntur
1193 1059 1274 1156 regi
1300 1058 1438 1132 Gr·eco

340 1183 439 1256 rum,
458 1159 564 1232 ouius
583 1159 732 1270 legatus
752 1160 887 1232 ducem
905 1158 1147 1256 preveniens⁷
1163 1159 1224 1256 qui
1243 1169 1333 1230 tunc
1352 1183 1455 1232 cum·

340 1261 423 1374 ipso
440 1269 532 1356 erat,
546 1257 714 1357 precepit
732 1268 773 1331 ut
786 1257 944 1330 ducem
934 1283 972 1330 m
992 1268 1116 1332 castro
1130 1257 1336 1332 honorilice
1356 1283 1438 1332 sus·
1544 1255 1545 1304 ἓ

343 1362 579 1458 ciperentet
603 1370 644 1432 ut
657 1363 809 1432 deceret
823 1383 925 1456 regis
947 1357 1312 1456 magnificentiam.
1302 1385 1339 1430 m
1360 1383 1437 1432 om·
1460 1379 1462 1381 ·

340 1462 448 1536 nibus
469 1485 502 1534 er
494 1415 787 1534 boirestissime
807 1461 1075 1534 subservirent.
1109 1459 1231 1548 Qui
1200 1485 1280 1533 erus
1295 1460 1437 1532 monita

341 1564 421 1637 sive
449 1572 630 1661 precepta
657 1571 970 1658 contempnentes
1011 1561 1233 1634 dimiserunt
1257 1585 1343 1635 eum
1374 1585 1437 1633 va·

341 1687 453 1736 cuum
479 1687 523 1734 ac
548 1663 630 1736 sine
649 1662 791 1734 honore
812 1661 1040 1734 abiecerunt.
1085 1661 1155 1748 Qui
1183 1685 1362 1734 reversus
1391 1663 1437 1734 ad

340 1767 475 1836 ducem
495 1762 685 1837 nunciavit
703 1786 736 1835 er
729 1762 853 1875 quod
874 1762 1051 1836 audierat.
1077 1761 1124 1834 Et
1142 1763 1245 1834 venit
1259 1765 1332 1835 dux
1353 1786 1436 1834 cum

340 1863 419 1938 suis
443 1887 560 1978 prope
581 1866 711 1936 urbem
739 1874 776 1935 et
800 1862 848 1936 ibi
868 1873 991 1936 castra
1012 1873 1175 1938 metatus
1196 1874 1265 1936 est.
1300 1865 1347 1936 Et
1370 1862 1437 1934 ite-

339 1989 424 2038 rum
443 1964 562 2038 misso
582 1989 657 2036 nun
660 1963 711 2035 tio
660 1965 885 2036 tmandat
904 1989 946 2036 se
965 1961 1121 2062 pacifice
1136 1965 1279 2036 venire.
1272 1987 1436 2060 rogans

339 2076 380 2138 ut
400 2068 666 2138 conductorem
686 2068 731 2136 ab
751 2063 806 2137 eis
827 2063 998 2162 accipiat
1018 2074 1055 2136 et
1073 2063 1128 2136 sic
1146 2064 1182 2135 in
1202 2088 1296 2162 paee
1318 2065 1437 2136 ‹lisce-

340 2170 411 2240 dat.
450 2169 619 2262 Cumque
634 2167 706 2237 boc
720 2164 849 2262 sepius
870 2175 989 2238 attent
991 2176 1093 2237 atum
1113 2165 1248 2236 luisset
1268 2175 1305 2236 et
1323 2165 1438 2238 nichil

339 2267 604 2366 profecissent!
623 2269 696 2338 dux
715 2265 766 2337 ait
784 2268 828 2338 ad
851 2290 960 2339 suos:
995 2265 1135 2338 Iustum
1152 2265 1297 2360 quidem
1315 2272 1379 2360 est,
1398 2271 1441 2336 ut

338 2371 376 2442 ia
394 2369 688 2463 perepriaatione
703 2369 819 2460 positi
841 2389 922 2438 aura
946 2369 1045 2438 omui
1061 2388 1156 2460 paee
1177 2373 1213 2440 et
1231 2372 1437 2438 mansuetu-

340 2467 424 2541 dine
445 2467 669 2564 incedamus,
688 2473 723 2538 et
738 2467 820 2539 ideo
842 2491 924 2539 curn
946 2470 1060 2562 sipuis
1083 2466 1219 2540 bellicis
1240 2466 1291 2539 ad
1305 2466 1437 2549 ‚urbem

339 2572 446 2664 repis,
475 2567 526 2639 ad
552 2591 655 2664 quem
683 2566 874 2663 tendimus,
897 2567 1097 2660 procedere
1123 2593 1197 2641 aaa
1229 2568 1437 2642 debuimus:

338 2669 407 2742 sed
424 2672 510 2766 quia
534 2672 594 2741 isti
618 2668 683 2758 filii
703 2668 823 2741 Belial
847 2691 915 2764 que
931 2671 1040 2759 pacis
1061 2674 1149 2740 sunt
1166 2693 1240 2741 aaa
1258 2675 1437 2741 sectantes

342 2768 474 2842 bellum
500 2770 605 2842 uobis
630 2773 807 2844 intentare
830 2766 1009 2864 uideatur,
1038 2767 1152 2840 levate
1177 2772 1285 2863 siqua
1304 2775 1336 2840 et
1350 2791 1436 2862 pro-

318 2892 324 2897 ·
341 2869 537 2944 cedamus!
570 2871 668 2943 Deus
687 2877 840 2963 patrum
857 2875 1069 2942 aestrorum
1086 2868 1275 2964 uobiscum
1292 2871 1349 2962 sit,
1363 2892 1435 2962 pro

337 2973 445 3044 auius
462 2974 606 3046 nomiae
618 2973 899 3066 perepriaamur
916 2976 951 3041 et
967 2971 1043 3041 eius
1054 2976 1226 3064 precepta
1239 2972 1353 3042 secuti
1371 2968 1435 3042 du-

341 3095 421 3144 mos
446 3079 481 3144 et
502 3076 650 3167 fratres)
678 3095 811 3144 arares
838 3077 873 3142 et
896 3069 993 3159 filios
1018 3077 1053 3142 et
1073 3093 1186 3165 apros
1211 3069 1432 3168 reliquimus.
1544 3101 1545 3108 ¹

340 3173 412 3246 Hic
428 3173 565 3246 uiribus
583 3171 758 3245 utendum
772 3178 832 3244 est.
858 3171 1062 3266 Pupaemus
1072 3173 1238 3258 fortiter!
1258 3169 1436 3268 Quicquid

336 3276 411 3365 ipsi
427 3273 614 3368 placuerit
637 3277 713 3370 fiat,
742 3275 829 3369 quia
855 3275 928 3344 siae
953 3274 1118 3368 vivimus,
1144 3275 1218 3344 siae
1243 3275 1434 3368 morimur,

339 3372 488 3448 Domini
511 3373 668 3446 sumus1.
718 3375 783 3446 His
811 3372 916 3446 dictis
942 3373 1114 3446 levantes
1141 3374 1249 3470 signa
1277 3373 1435 3472 profecti

337 3474 592 3572 preterierunt
611 3478 755 3570 urbem,
778 3497 849 3546 nec
867 3474 980 3570 lunge
1001 3485 1122 3547 castra
1143 3473 1272 3548 metati
1292 3483 1379 3547 'sunt
1397 3473 1435 3544 in

227 3643 230 3648 .
339 3575 437 3647 valle
455 3574 677 3672 longissima
697 3598 825 3687 super·
837 3573 957 3647 rivum
985 3575 1231 3671 perlucidum,
1250 3576 1434 3648 habentes

340 3699 362 3748 a
381 3675 520 3746 dextris
541 3685 732 3772 montana,
760 3673 957 3749 asinistris
973 3699 1062 3748 vero
1082 3675 1237 3749 rubum²
1261 3675 1436 3774 pinarum

335 3773 620 3848 densissimum.
640 3775 742 3848 Hoc
733 3775 846 3872 igitur
860 3775 991 3848 muniti
1003 3777 1167 3874 presidio
1182 3780 1437 3852 accenderunt

338 3875 448 3972 ignes
477 3877 690 3974 maximos,
702 3886 739 3948 et
757 3875 935 3948 ordinatis
957 3879 1122 3952 excubiis
1141 3903 1210 3977 per
1230 3890 1354 3952 castra
1373 3902 1434 3948 cu-

260 3981 262 3985 '
336 3999 419 4046 ram
441 3977 607 4073 corporis
626 3978 839 4050 habuerunt
858 3987 894 4050 et
912 3978 1113 4052 dormitum
1134 3989 1202 4054 est.
1231 3982 1323 4054 Cum
1344 4001 1434 4050 ecce

338 4076 463 4148 media
482 4087 593 4150 noete
612 4077 747 4154 Servi
738 4105 774 4151 m
794 4103 910 4152 unum
931 4081 1092 4153 exomni
1111 4104 1267 4154 nemore
1283 4078 1434 4176 conglo-

337 4175 413 4248 bati
428 4177 598 4251 fecerunt
618 4189 809 4278 quatuort
812 4205 940 4253 urmas
961 4191 998 4253 et
1012 4206 1080 4280 per
1098 4182 1201 4254 vices
1220 4180 1257 4251 in
1274 4189 1436 4278 quatuor

339 4301 364 4372 l)
384 4301 495 4359 Roman.
516 4323 540 4362 c.
555 4306 597 4363 14.
619 4307 682 4364 r..8
756 4307 811 4378 2)
803 4327 821 4363 1.
836 4325 860 4363 e.
879 4309 1013 4377 rubetam.
