3116 5014
196 439 408 522 innotui
435 437 678 513 CHRONICA
703 438 970 514 SLAVORUM.
992 441 1097 516 tlt.
1125 441 1164 516 ll.
1224 447 1272 518 43
1381 514 1395 534 „

162 641 297 716 diebus
317 638 507 739 pependit.
534 638 615 711 Alio
634 662 783 736 quoque
798 649 970 736 tempore
985 641 1115 739 presul
1129 665 1272 716 memo-

163 751 272 814 ratus
311 765 397 854 cum
434 742 572 812 domno
615 739 820 836 Harthvigo
859 739 1145 838 archiepiscopo
1183 743 1273 816 Bre-
1369 803 1375 822 s

163 840 305 954 mensi,
333 839 395 938 qui
414 863 482 937 pro
502 863 570 912 sua
589 838 847 936 generositate
877 841 1069 916 dicebatur
1095 866 1271 940 magnus

84 1015 88 1022 ,
164 941 454 1014 inThetmarsia
472 949 552 1012 erat
566 939 603 1010 in
619 941 782 1036 quodam
793 941 931 1014 celebri
944 941 1139 1040 colloquio.
1159 944 1271 1018 Cum·

163 1067 241 1140 que
255 1043 312 1113 vir
324 1041 408 1116 Dei
405 1040 568 1112 missam
586 1039 774 1137 publicam
790 1051 967 1138 presente
979 1041 1269 1158 archiepiscopo

162 1141 388 1237 chlebraret
415 1139 548 1212 accidit
576 1151 615 1222 ut
643 1139 829 1214 effusione
853 1141 1048 1239 sanguinis
1071 1143 1170 1216 facta
1191 1145 1269 1242 qui-

160 1245 253 1316 dam
269 1195 520 1314 Tbetrirarsus
540 1244 727 1338 quendam
747 1244 793 1314 de
813 1241 1030 1316 melioribus
1049 1254 1149 1320 terre
1172 1245 1268 1318 occi-

162 1342 294 1415 disset
339 1342 477 1440 Quod
467 1365 552 1414 cum
572 1341 799 1416 innotuisset
818 1342 1011 1442 episcopo,
1036 1346 1081 1416 ad
1102 1345 1268 1416 reconci-

162 1441 357 1516 liationem
385 1421 557 1514 laboiaxe
577 1444 764 1538 studebat
793 1453 831 1516 ut
850 1444 965 1516 moris
986 1454 1045 1518 est
1063 1439 1160 1516 inter
1178 1445 1268 1518 mis·

165 1565 295 1616 sarum
323 1542 568 1640 sollempnia,
601 1541 704 1614 illum
731 1543 836 1616 cuius
864 1554 1047 1640 cognatus
1081 1542 1268 1617 ceciderat

160 1643 298 1718 obnixe
326 1645 611 1756 deprecabaturq
640 1653 681 1714 ut
707 1644 876 1740 proximo
905 1644 1130 1741 indulgeret
1156 1646 1268 1742 repli-

164 1767 255 1816 cans
275 1746 321 1818 de
340 1743 509 1816 oratione
529 1741 734 1816 dominica:
769 1742 920 1818 Dimitte
938 1743 1044 1816 nobis
1062 1743 1161 1817 debit
1145 1751 1185 1818 ta
1202 1768 1267 1818 no·

158 1849 245 1918 stra
263 1855 333 1916 etc.
373 1844 542 1941 Cumque
565 1843 641 1939 ille,
660 1842 802 1915 tumida
820 1855 948 1917 mente
967 1844 1176 1942 induratuS,
1195 1846 1267 1918 hec

164 1968 240 2018 non
259 1954 465 2042 reputaret7
494 1943 696 2042 episcopus
716 1946 763 2018 de
781 1948 943 2020 ambone
963 1948 1198 2020 descendens
1218 1948 1266 2018 ad

161 2045 288 2142 ipsum
308 2045 484 2140 accessit
499 2054 639 2117 etcum
660 2055 877 2117 sanctorum
897 2044 1063 2159 reliquiis
1083 2047 1129 2118 ad
1147 2049 1265 2144 pedes

17 2129 20 2136 Δ
131 2178 140 2183 ·
160 2145 261 2218 illius
281 2169 324 2218 se
343 2146 486 2243 optulit
531 2145 700 2257 Cumque
719 2145 809 2218 ille
801 2145 1021 2218 iuramentis
1041 2145 1264 2220 terribilibus

162 2269 233 2344 per
249 2247 372 2320 Deum
393 2257 430 2318 et
449 2254 609 2317 matrem
626 2247 707 2317 eius
728 2255 764 2318 et
783 2245 940 2318 aliorum
961 2257 1178 2318 sanctorum
1199 2269 1265 2316 no·

161 2345 265 2418 mina
283 2369 326 2420 se
349 2345 476 2444 ipsum
500 2345 789 2441 constringeret
815 2369 1008 2447 nunquam
1028 2369 1070 2418 se
1090 2345 1265 2418 dimissu

160 2470 259 2543 rum,
288 2445 489 2544 episcopus
518 2469 585 2543 pro
615 2445 875 2518 benedictione
901 2441 1170 2518 contradicenti
1189 2445 1264 2518 ala

161 2571 250 2644 pam
269 2546 473 2618 maximam
493 2544 604 2618 dedit
647 2547 692 2618 Et
709 2545 771 2618 ille
791 2546 1074 2658 promptissime
1095 2547 1262 2620 extensis

160 2647 334 2718 manibus
355 2649 451 2744 quod
473 2649 670 2742 petebatur
688 2647 818 2718 annuit
838 2656 875 2718 et
889 2647 1101 2743 proximum
1118 2645 1153 2718 in
1170 2671 1263 2744 pace

159 2747 313 2844 recepit.
341 2747 447 2834 Quod
462 2746 638 2820 divinitus
653 2746 792 2819 facturn
811 2747 1013 2844 credimus,
1029 2771 1097 2844 per
1112 2746 1263 2845 alapam

158 2850 363 2920 demonem
388 2851 434 2920 ab
460 2847 613 2920 homine
632 2847 814 2944 fugatum.
856 2846 1000 2920 Similia
1018 2847 1055 2918 in
1074 2845 1167 2920 libro
1187 2847 1263 2920 dia·

157 2949 333 3045 logorum
345 2948 442 3021 beati
453 2947 625 3044 Gregorii
640 2946 892 3040 inveniuntur,
905 2951 1113 3045 utquedam
1125 2951 1263 3022 sancti-

159 3049 334 3122 monialis
365 3047 547 3125 rusticum
572 3050 760 3145 quendam
794 3049 903 3145 alapa
935 3073 956 3120 a
985 3050 1151 3122 demone·
1172 3048 1262 3122 libe·

159 3146 290 3222 ravit1
322 3147 464 3222 Beatus
484 3147 598 3221 etiam
612 3147 839 3222 Benedictus
855 3149 1098 3261 monacnum,
1122 3147 1262 3246 quide

158 3272 313 3322 monem
335 3253 576 3348 sequebatur,
599 3247 713 3362 plaga
736 3248 843 3346 virge
871 3249 1031 3343 sanavit
1060 3272 1133 3320 non
1162 3251 1261 3346 quod

159 3351 342 3422 demones
363 3349 482 3464 alapis
501 3349 615 3422 vel
582 3350 696 3447 virgis
722 3350 915 3461 cedantnr7
943 3371 1027 3422 cum
1048 3347 1123 3422 sint
1141 3347 1261 3422 incor-

157 3450 275 3548 porei,
296 3453 362 3524 sed
383 3449 503 3548 pietas
523 3449 591 3523 Dei
618 3460 656 3522 et
681 3448 796 3540 virtus
817 3448 996 3522 orationis
1015 3449 1064 3524 ibi
1080 3447 1261 3548 [intelligi-

141 3561 227 3624 tur.
272 3550 338 3624 His
358 3549 516 3648 aliisque
543 3549 723 3622 virtutum
742 3533 888 3622 indiciis
907 3549 1094 3623 credimus
1116 3549 1261 3648 episco-

159 3675 249 3749 pum
268 3649 345 3724 iarn
364 3649 502 3726 dictum
521 3649 649 3726 vivere
668 3651 706 3723 in
726 3650 886 3726 Christo
1345 3649 1347 3652 ’

235 3751 301 3826 Cui
316 3751 503 3825 successit
516 3753 677 3824 domnus
692 3751 878 3846 Ysiridus‚
893 3751 1003 3864 prius
1012 3750 1163 3848 quidem
1175 3773 1260 3864 pre·

159 3851 305 3950 positus
325 3851 362 3923 in
381 3849 645 3946 llrerichowe²
667 3851 722 3924 vir
739 3875 878 3966 magne
898 3850 1104 3949 religionis,
1121 3850 1231 3948 quia
1221 3850 1259 3922 in

160 3954 293 4025 eadem
320 3953 558 4052 prepositura
583 3976 656 4052 non
678 3963 718 4025 ut
741 3951 958 4048 canonicus,
986 3953 1053 4024 sed
1073 3961 1112 4023 ut
1129 3974 1259 4026 mona-

159 4131 183 4203 1)
205 4130 714 4204 cap.22nbriltt.utalogoru1nb
735 4133 789 4189 Gr
775 4153 888 4205 gor
850 4117 940 4187 ιὲιιιιι
926 4133 1036 4187 tmon
1031 4132 1109 4186 alem
1129 4135 1228 4187 rustico
1233 4151 1257 4186 m

156 4209 325 4350 madridii?
342 4207 696 4352 {qpqpqpqqqaqqqugcdnqbun
697 4225 794 4352 qqpsqs
793 4224 856 4262 vero
882 4207 997 4278 alapar
980 4207 1105 4260 liberasse
1126 4217 1258 4261 narratur.
