3116 5014
307 467 356 540 60
406 464 615 539 ARNOLDl
637 462 875 538 CHRONlCA
901 461 1167 538 SLAVORUM.
1212 461 1297 534 LlB.
1324 460 1380 532 ΙΙ..

308 665 376 741 sibi
399 667 437 739 in
464 690 606 765 regem.
659 667 705 739 Et
729 689 774 738 ex
802 689 868 759 eo,
895 667 991 763 quod
1017 664 1224 760 acciderat,
1251 661 1337 760 quia
1363 660 1408 732 in

307 771 528 867 aucupando
546 770 720 842 detentus
739 767 873 861 fuerat,
900 769 996 864 quod
1015 776 1142 838 tamen
1162 763 1212 839 illi
1230 761 1338 861 quasi
1355 763 1404 834 de

307 867 430 942 futuro
457 867 656 966 augurium
681 877 775 964 erat,
801 867 920 940 dictus
948 877 1007 940 est
1024 891 1090 939 rex
1109 865 1247 962 avium,
1269 863 1407 936 Teuto-

308 970 391 1043 nice
423 981 549 1042 autem
580 967 854 1066 Vogellruning.
909 967 973 1040 llle
1003 991 1090 1040 vero
1115 965 1337 1040 sublimatus
1364 963 1403 1035 in

308 1095 455 1169 regem7
473 1068 563 1142 dixit
581 1072 626 1143 ad
646 1069 853 1167 principes:
887 1069 982 1159 (luia
996 1065 1138 1164 clipeati
1155 1069 1251 1162 estin
1269 1089 1325 1138 mo
1341 1087 1408 1138 uo·

309 1171 364 1244 tu
390 1173 567 1243 scrutare
591 1194 730 1266 repom,
762 1173 896 1243 iustum
920 1175 991 1265 est,
1017 1175 1061 1242 ut
1090 1173 1406 1241 sacramentorum

308 1269 805 1367 fidemrepioertrofuciulis.
838 1273 1150 1369 Cumqueomnes
1165 1277 1407 1342 sacramenta

309 1371 344 1446 ei
363 1372 555 1469 fecissent,
574 1373 676 1446 misit
693 1375 839 1470 legatos
857 1375 904 1446 ad
923 1371 1071 1469 eosqui
1090 1371 1126 1442 in
1150 1367 1407 1443 Hartesburch

302 1484 429 1568 erant,
454 1474 667 1572 precipiens
695 1475 772 1571 eis,
797 1485 838 1546 ut
863 1473 1085 1572 quantocius
1109 1472 1146 1544 in
1173 1467 1408 1569 presentiam

308 1575 426 1676 ipsius
454 1575 634 1648 venirent.
677 1575 747 1662 Qui
774 1579 959 1648 abeuntes
981 1573 1153 1646 dixerunt
1181 1571 1236 1644 eis
1262 1593 1334 1668 que
1359 1593 1407 1642 ex

310 1701 375 1748 ore
394 1676 496 1772 regis
515 1676 719 1748 audierant.
764 1679 811 1747 At
830 1674 881 1747 illi
908 1673 1087 1770 indignati
1108 1672 1222 1770 virgis
1242 1670 1411 1745 excoria·

310 1787 444 1850 verunt
469 1800 535 1849 eos
556 1787 593 1849 et
611 1777 824 1849 decalvatos
844 1777 889 1848 ad
909 1774 1100 1847 dominum
1121 1797 1230 1846 suum
1250 1771 1408 1845 remise-

310 1888 405 1949 runt.
442 1877 558 1974 Tunc,
577 1876 639 1975 qui
658 1875 777 1949 maior
793 1877 890 1948 inter
915 1900 980 1951 eos
1000 1876 1133 1971 fuerat,
1161 1873 1250 1946 dixit
1274 1876 1319 1946 ad
1347 1895 1411 1945 so·

265 1995 266 1998 ’
312 1978 408 2053 cios:
451 1975 529 2050 Nor
552 1976 697 2075 quidem
722 1976 946 2050 dehonestati
965 1999 1103 2074 sumus,
1128 1974 1193 2048 sot
1211 1981 1322 2048 estote
1337 1975 1413 2046 uiri

311 2085 516 2152 constanter
542 2085 575 2152 ot
590 2081 827 2174 ipnominiam
843 2085 1010 2151 noenum
1031 2080 1069 2150 in
1084 2077 1244 2173 plurium
1262 2097 1409 2148 convcr-

312 2187 444 2253 tomua.
495 2179 573 2252 Vidi
598 2178 706 2252 hodie
722 2181 822 2252 nisos
838 2179 1020 2252 volantes:
1045 2181 1107 2254 isti
1124 2179 1301 2270 excipient
1323 2196 1412 2248 eon·
1462 2247 1464 2251 ,

311 2283 490 2370 fusionem
510 2287 685 2356 nonnum.
731 2283 1012 2355 Descenderam
1033 2281 1133 2352 enim
1164 2282 1209 2350 ad
1231 2278 1408 2350 balneum

313 2383 574 2457 adolescentes
602 2382 746 2456 nobiles
772 2381 856 2481 plus
876 2405 988 2480 quam
1008 2379 1150 2478 viginti,
1173 2403 1330 2477 quorum
1352 2401 1409 2450 re·

314 2484 429 2556 ditum
453 2485 706 2580 prestolantes
729 2507 862 2556 omnes
891 2507 956 2555 eos
978 2481 1258 2554 trucidaverunt
1282 2489 1319 2552 et
1341 2479 1409 2572 sic,

313 2585 379 2657 ulti
399 2584 660 2657 confusionem
680 2609 802 2678 suam,
825 2585 870 2655 ad
889 2607 1020 2680 regem
1041 2581 1183 2654 reversi
1203 2590 1300 2654 sunt.
1337 2577 1410 2668 Qui

314 2684 471 2758 audieus
491 2687 588 2781 quod
608 2685 746 2757 factum
765 2685 899 2780 fuerat⁷
923 2682 1137 2780 indignatus
1163 2695 1222 2754 est
1244 2681 1353 2753 valde
1372 2689 1414 2753 et

315 2810 400 2859 oum
419 2785 654 2859 multitudine
669 2809 806 2880 magna
821 2784 968 2856 obsedit
985 2794 1149 2856 castrum
1170 2793 1206 2856 et
1220 2805 1412 2881 expugna·

313 2886 366 2960 vit
390 2886 478 2958 illud
505 2897 542 2958 et
567 2889 613 2959 ad
638 2896 778 2958 terram
802 2907 922 2983 usque
945 2883 1089 2958 deiecit.
1128 2883 1264 2957 Dicunt
1281 2894 1409 2955 autem

314 2986 479 3086 quidam,
502 2990 599 3084 quod
620 2997 771 3085 propter
789 2987 926 3059 multas
946 2985 1189 3059 enormitates
1209 2985 1255 3057 de
1274 2985 1410 3056 eodem

315 3099 438 3162 castro
458 3099 693 3186 perpetratas
714 3099 751 3161 et
763 3097 917 3186 propter
931 3097 1180 3160 memoratum
1193 3085 1410 3159 Heinricum

237 3253 238 3258 ,
313 3189 601 3288 imperatorem,
626 3189 688 3288 qui
715 3213 834 3288 usque
861 3191 906 3260 ad
933 3186 1048 3260 finem
1073 3187 1148 3262 vite
1174 3209 1243 3260 sue
1269 3185 1411 3260 asede

263 3325 265 3330 ·
314 3291 484 3364 Romana
505 3291 851 3364 excommunicatus
877 3289 1011 3384 fuerat,
1040 3291 1107 3361 sub
1127 3288 1369 3360 anathemate
1388 3310 1412 3358 a

316 3393 453 3465 domno
479 3416 578 3490 papa
603 3395 827 3490 dampnatus
853 3390 902 3464 sit
918 3391 1023 3462 locus
1052 3389 1127 3481 itte,
1155 3399 1194 3462 ut
1218 3411 1410 3485 nunquam

314 3492 554 3590 inhabitetur‚
574 3496 641 3566 sed
661 3517 745 3564 cum
764 3491 941 3564 Babiloue
960 3491 997 3562 in
1016 3500 1199 3589 perpetua
1212 3487 1412 3562 solitudine

316 3587 545 3693 deputetur¹.
573 3593 780 3667 Fridericus
800 3603 926 3666 autem
946 3593 1149 3690 imperator
1162 3589 1287 3688 ipsum
1306 3612 1411 3662 mon-

315 3705 393 3768 tem
413 3693 587 3769 edificare
606 3694 717 3792 cepit⁷
740 3693 825 3792 quia
844 3692 914 3766 etsi
933 3692 994 3766 ille
1014 3688 1411 3764 excommunicationis

317 3794 542 3870 sententiam
563 3794 712 3890 meruit,
732 3795 814 3892 ipse
837 3805 965 3866 tamen
987 3793 1250 3866 nichilominus
1270 3791 1412 3863 nullam

315 3897 423 3995 regni
445 3897 502 3972 sui
518 3895 800 3970 diminutionem
816 3895 892 3994 pati
904 3893 1029 3968 voluit.
1061 3890 1329 3968 Rebellabant²
1348 3916 1413 3964 au·

318 4049 343 4122 1)
362 4049 453 4116 Quum
472 4049 540 4104 hacc
558 4051 640 4105 nostri
659 4051 781 4106 excursio
800 4053 870 4120 apud
890 4050 1030 4122 scriptores
1044 4058 1205 4104 coaetaneos
1221 4064 1274 4102 uon
1287 4045 1415 4104 invenia-

317 4131 369 4188 tur,
389 4133 461 4178 certe
479 4127 627 4180 notandum
648 4134 697 4189 est,
716 4124 788 4182 Amr.
809 4123 895 4179 Palid.
914 4121 1002 4178 Palid.
1023 4120 1073 4178 SS.
1092 4120 1124 4176 T.
1144 4119 1221 4183 xvi,
1241 4137 1267 4191 p.
1281 4119 1316 4172 95
1337 4117 1415 4171 llar-

316 4198 418 4269 csburg
443 4207 621 4253 memorantes
647 4200 761 4255 addere:
786 4200 877 4254 urtam
904 4200 1034 4272 mondum
1058 4199 1166 4264 reptem,
1192 4193 1345 4250 Senonibus
1368 4195 1415 4246 in·

313 4267 412 4341 lurtum
431 4275 457 4325 et
474 4272 506 4325 ot
525 4272 574 4326 loc
586 4271 624 4326 'ot
643 4275 760 4328 muralem
777 4277 849 4328 terra
865 4271 1024 4340 pneuma
1041 4271 1198 4324 destructam
1214 4272 1241 4321 ot
1254 4267 1287 4320 od
1303 4271 1416 4336 apo-rto-

315 4347 368 4401 lt'eu
385 4343 449 4400 sede
466 4349 723 4402 excommunicatum,
796 4345 824 4417 2)
845 4363 883 4400 sc.
904 4353 994 4398 contra
1015 4346 1110 4398 ducem
1130 4339 1297 4394 Heinricum.
1332 4335 1415 4390 Wal-
