3116 5014
336 455 386 525 rs
437 448 643 523 auuouor
672 432 912 524 eunomus
940 445 1212 520 suavorum.
1266 447 1367 520 ιιΒ.
1396 449 1458 522 ιιι.

337 651 619 746 ᾶὶιιοεοίιιιι,,ε.ο
638 652 737 748 quod
751 649 939 744 Eschillus
957 647 1168 722 Lundensis
1188 650 1476 750 archiepisco-

336 777 421 852 pus,
439 753 497 825 vir
514 773 663 825 summe
681 749 845 848 pietatis⁷
864 751 1001 850 quique
1017 751 1131 824 etiam
1145 751 1293 825 relicto
1315 752 1473 852 episco-

336 867 425 952 patu
437 851 463 949 ¹,
489 852 653 950 quietam
679 850 833 949 cupiens
862 854 998 926 ducere
1026 851 1154 950 vitam,
1180 855 1233 926 ad
1264 853 1478 928 etarevat

334 955 445 1028 lense
472 951 744 1026 monasterium
772 977 815 1026 se
839 953 1005 1048 contulit,
1037 952 1097 1026 ubi
1116 953 1237 1027 etiam
1262 965 1413 1029 sancte
1434 965 1472 1028 et

336 1055 436 1128 iuste
460 1055 621 1126 vivendo
649 1053 764 1126 vitam
791 1054 828 1126 in
853 1078 947 1152 pace
971 1052 1126 1150 finivir2,
1152 1056 1244 1129 loca
1268 1057 1403 1151 multa
1425 1079 1470 1129 ex

338 1155 440 1232 omni
468 1155 596 1230 ordine
621 1153 856 1253 spiritalium,
878 1166 954 1228 tam
984 1154 1149 1228 virorum
1176 1181 1306 1255 quam
1329 1157 1468 1231 mulie·

289 1351 290 1356 ἵ
338 1281 436 1353 rum,
454 1255 491 1328 in
510 1254 675 1355 partibus
699 1254 771 1330 illis
791 1257 1051 1330 construxerit.
1084 1256 1166 1345 Que
1181 1259 1303 1356 quasi
1323 1261 1466 1332 cedrus

340 1357 478 1453 Lybani
501 1356 758 1455 multiplicata,
781 1382 854 1430 non
882 1359 1004 1432 solum
1029 1358 1203 1456 Daniam,
1232 1363 1311 1433 sed
1344 1371 1387 1432 ut
1413 1359 1465 1431 vi-

338 1483 451 1532 neam
470 1458 618 1533 Domini
636 1459 802 1532 Sabaoth
827 1461 993 1534 extensis
1020 1459 1236 1558 palmitibus
1261 1484 1399 1559 usque
1419 1462 1463 1532 ad
1521 1541 1522 1544 Ἴ

339 1585 457 1656 mare,
481 1560 596 1633 immo
616 1562 711 1633 ultra
731 1585 849 1659 mare,
868 1561 981 1634 etiam
1000 1562 1186 1635 Sclaviam
1207 1563 1425 1660 replerunt
1437 1558 1461 1632 ³.

413 1662 583 1734 Domnus
610 1685 757 1760 quoque
780 1662 957 1759 absalon,
983 1661 1045 1759 qui
1070 1663 1152 1734 loco
1180 1663 1398 1760 regiminis
1427 1659 1460 1732 ei

340 1762 547 1857 successit,
577 1763 656 1836 zelo
687 1761 834 1835 iusticie
865 1787 1050 1836 accensus
1082 1774 1120 1836 et
1150 1775 1357 1837 armatura
1390 1759 1458 1836 Dei

339 1863 579 1961 procingtus,
614 1861 650 1934 in
690 1868 946 1961 promovenda
981 1865 1163 1963 religione
1199 1875 1454 1963 nequaquam

340 1964 493 2062 segnior
523 1963 601 2036 fuit.
652 1964 832 2052 Quicum
862 1990 883 2038 a
910 1965 1069 2040 Domino
1102 1965 1229 2040 multis
1264 1967 1454 2039 virtutum

339 2067 498 2166 polleret
514 2065 635 2162 donn,
655 2065 869 2164 specialiter
893 2078 1020 2140 tamen
1038 2068 1219 2140 thesauro
1240 2071 1350 2140 bone
1367 2061 1452 2140 con·

340 2167 509 2264 scientie,
528 2168 663 2240 decore
678 2167 852 2241 videlicet
867 2168 1061 2265 castitatis,
1080 2173 1266 2242 vernabat
1276 2167 1304 2243 ¹².
1343 2167 1451 2241 Unde

340 2270 449 2342 velud
468 2269 620 2341 lucerna
649 2271 783 2343 ardens
813 2281 851 2342 et
868 2271 998 2344 lucens
1021 2269 1249 2342 emulatione
1272 2293 1347 2342 sua
1368 2289 1449 2366 pro·

339 2369 489 2445 vocavit
506 2369 686 2466 plurimos
706 2369 806 2444 iuxta
822 2371 921 2444 illut:
959 2373 1087 2470 Videte,
1105 2375 1284 2469 quoniam
1298 2399 1378 2448 non
1391 2393 1450 2445 so·

339 2471 415 2544 lum
427 2470 514 2544 milti
528 2470 708 2565 laboravi,
725 2479 781 2544 set
792 2473 957 2547 omnibus
973 2475 1201 2572 querentibus
1218 2475 1444 2550 ventarent

338 2572 406 2645 Hic
426 2595 574 2669 quoque
594 2595 679 2643 cum
698 2575 868 2670 apostolo
886 2577 1053 2650 subditos
1071 2601 1160 2650 suos
1181 2580 1363 2652 emulans
1377 2573 1444 2650 Dei

340 2672 566 2745 emulatione
576 2669 603 2766 ⁶,
630 2675 718 2745 dum
744 2697 811 2746 eos
831 2677 875 2746 ad
896 2676 1076 2748 castitatis
1098 2679 1311 2753 custodiam
1334 2697 1445 2774 argu·

340 2776 448 2871 endq
467 2775 713 2867 obsecrando,
737 2773 965 2874 increpando
985 2776 1215 2877 informaret,
1243 2783 1388 2856 multas
1408 2787 1443 2851 et

339 2899 476 2972 graves
505 2899 526 2948 a
553 2874 788 2976 quibusdam!
806 2877 1116 2952 contradictiones
1148 2883 1315 2979 pertulit.
1365 2882 1441 2954 Nec

340 2978 494 3070 mirum3
515 2975 674 3048 carnalis
695 2975 795 3048 enim
815 3001 937 3076 ιιιιιιιε7
956 2981 1043 3052 dum
1064 2985 1340 3057 consuetudine
1356 3004 1439 3082 pec·

341 3080 446 3153 candi
465 3077 579 3176 ligata
595 3076 717 3174 fuerit,
736 3089 800 3150 aut
817 3079 889 3176 vix,
908 3092 972 3153 aut
996 3106 1185 3180 nunquam
1207 3084 1341 3184 iugum
1365 3083 1438 3156 dia·

339 3180 412 3254 boli
433 3205 454 3252 a
479 3203 521 3252 se
544 3202 741 3253 removere
759 3181 907 3278 poterit,
926 3186 992 3256 sed
1013 3207 1098 3256 cum
1118 3207 1232 3280 asyna
1252 3187 1346 3260 foris
1367 3190 1437 3258 stat

338 3283 375 3354 in
394 3281 492 3356 bivio
514 3280 629 3379 ligata
654 3283 699 3354 ad
723 3305 838 3378 opera
858 3285 1084 3382 communia,
1108 3285 1380 3385 etquicunque
1404 3280 1436 3353 ei

340 3407 435 3455 oncis
453 3383 634 3480 inponere
659 3383 830 3476 voluerit,
856 3384 1253 3460 sinecontradictione
1276 3389 1366 3460 illud
1385 3385 1436 3454 le·

339 3494 405 3556 rat.
438 3483 546 3578 Quia,
563 3507 806 3583 quascunque
823 3485 991 3559 sordidas
1008 3487 1253 3584 cogitationes
1268 3480 1433 3562 inmundi

340 3583 492 3684 spiritus
512 3583 546 3656 ei
569 3585 844 3682 suggesserint,
870 3596 973 3658 tanto
992 3587 1247 3664 delectabilius
1267 3583 1436 3683 suscipit,

340 3695 479 3785 quanto
507 3684 665 3782 nequius
692 3685 910 3760 inferuntur.
951 3689 996 3760 Et
1025 3687 1110 3762 ideo
1137 3713 1220 3762 cum
1246 3698 1432 3765 arectore
1521 3687 1522 3692 ’

340 3785 775 3886 οοιιίρίῑιιι,.ίιιῐε11ιςθιο
794 3811 868 3859 non
886 3799 1011 3887 potest
1029 3793 1128 3888 quod
1142 3791 1358 3889 spiritaliter
1376 3809 1441 3858 exn
1521 3877 1522 3884 ἵ

340 3887 559 3964 aminaturl.
599 3887 688 3960 lnde
715 3885 767 3984 fit,
795 3892 891 3986 quod
910 3890 1005 3964 tales
1026 3891 1175 3966 stimulo
1199 3891 1433 3966 recalcitran-

254 4077 265 4101 Χ
339 3987 423 4062 tes⁸
449 3999 574 4062 contra
602 3989 766 4088 prelatos
792 4014 861 4062 ova
887 3991 1059 4090 aspidum
1086 4005 1306 4092 congerunt,
1334 3993 1429 4076 dum,

340 4169 366 4240 1)
386 4187 410 4224 a.
432 4170 511 4227 1177.
575 4171 790 4246 neruosa.
812 4171 926 4246 sepas.
991 4174 1016 4245 a)
1037 4165 1430 4248 RespicitadPsatm.92‚13·
1521 4175 1522 4178 ‘

339 4243 366 4316 4)
384 4245 404 4333 l.
425 4261 449 4331 e.
468 4245 590 4299 florebat.
677 4247 703 4316 5)
725 4246 1005 4348 Libe'rnsscclesiastlci
1023 4249 1068 4312 24,
1088 4251 1133 4304 47.
1217 4245 1376 4378 tigltespioit
1394 4237 1427 4292 arl
1521 4245 1522 4280 l

338 4319 366 4372 2.
378 4316 498 4373 borroth.
512 4317 593 4382 11,2.
665 4321 691 4391 7)
711 4319 829 4391 Resprcu
846 4323 879 4374 ad
898 4322 920 4378 l.
932 4319 1053 4376 Corinth.
1070 4323 1096 4390 2,
1110 4323 1151 4378 14.
1243 4324 1352 4398 )Αιιιοι.
1368 4315 1391 4378 9,
1402 4311 1426 4364 5·
