<?xml version="1.0" encoding="UTF-8"?>
<!DOCTYPE html PUBLIC "-//W3C//DTD XHTML 1.0 Transitional//EN"
    "http://www.w3.org/TR/xhtml1/DTD/xhtml1-transitional.dtd">
<html xmlns="http://www.w3.org/1999/xhtml" xml:lang="en" lang="en">
 <head>
  <title>
</title>
<meta http-equiv="Content-Type" content="text/html;charset=utf-8" />
  <meta name='ocr-system' content='tesseract 3.04.00' />
  <meta name='ocr-capabilities' content='ocr_page ocr_carea ocr_par ocr_line ocrx_word'/>
</head>
<body>
  <div class='ocr_page' id='page_1' title='image "arnoldichronica00arnogoog_0032.png"; bbox 0 0 3116 5014; ppageno 0'>
   <div class='ocr_carea' id='block_1_1' title="bbox 302 445 1355 530">
    <p class='ocr_par' dir='ltr' id='par_1_1' title="bbox 302 445 1355 530">
     <span class='ocr_line' id='line_1_1' title="bbox 302 445 1355 530; baseline -0.009 0"><span class='ocrx_word' id='word_1_1' title='bbox 302 457 351 530; x_wconf 82' lang='lat'><strong>24</strong></span> <span class='ocrx_word' id='word_1_2' title='bbox 404 448 611 526; x_wconf 81' lang='lat' dir='ltr'><strong>ARNOLDI</strong></span> <span class='ocrx_word' id='word_1_3' title='bbox 636 447 877 525; x_wconf 85' lang='lat' dir='ltr'><strong>CHRONICA</strong></span> <span class='ocrx_word' id='word_1_4' title='bbox 902 445 1169 523; x_wconf 85' lang='lat' dir='ltr'><strong>SLAVORUM.</strong></span> <span class='ocrx_word' id='word_1_5' title='bbox 1218 447 1304 520; x_wconf 89' lang='lat' dir='ltr'><strong>LlB.</strong></span> <span class='ocrx_word' id='word_1_6' title='bbox 1329 449 1355 520; x_wconf 92' lang='lat'><strong>1.</strong></span> 
     </span>
    </p>
   </div>
   <div class='ocr_carea' id='block_1_2' title="bbox 215 648 1507 3880">
    <p class='ocr_par' dir='ltr' id='par_1_2' title="bbox 215 648 1410 1660">
     <span class='ocr_line' id='line_1_2' title="bbox 215 648 1407 752; baseline -0.002 -28"><span class='ocrx_word' id='word_1_7' title='bbox 215 667 296 726; x_wconf 79' lang='lat'><strong>1172.</strong></span> <span class='ocrx_word' id='word_1_8' title='bbox 306 652 518 752; x_wconf 82' lang='lat' dir='ltr'><strong>subiugavit</strong></span> <span class='ocrx_word' id='word_1_9' title='bbox 529 650 567 724; x_wconf 93' lang='lat' dir='ltr'><strong>in</strong></span> <span class='ocrx_word' id='word_1_10' title='bbox 581 649 777 748; x_wconf 72' lang='lat' dir='ltr'><strong>ultionem,</strong></span> <span class='ocrx_word' id='word_1_11' title='bbox 791 652 890 748; x_wconf 92' lang='lat' dir='ltr'><strong>quod</strong></span> <span class='ocrx_word' id='word_1_12' title='bbox 906 649 1097 749; x_wconf 80' lang='lat' dir='ltr'><strong>peregrini</strong></span> <span class='ocrx_word' id='word_1_13' title='bbox 1113 648 1162 724; x_wconf 92' lang='lat' dir='ltr'><strong>ibi</strong></span> <span class='ocrx_word' id='word_1_14' title='bbox 1182 649 1407 749; x_wconf 89' lang='lat' dir='ltr'><strong>preterlapsi</strong></span> 
     </span>
     <span class='ocr_line' id='line_1_3' title="bbox 305 750 1406 850; baseline -0.006 -21"><span class='ocrx_word' id='word_1_15' title='bbox 305 757 468 830; x_wconf 85' lang='lat' dir='ltr'><strong>fuissent</strong></span> <span class='ocrx_word' id='word_1_16' title='bbox 492 793 538 807; x_wconf 89' lang='lat'>-</span> <span class='ocrx_word' id='word_1_17' title='bbox 562 752 756 847; x_wconf 80' lang='lat' dir='ltr'>soldanus,</span> <span class='ocrx_word' id='word_1_18' title='bbox 776 751 953 850; x_wconf 87' lang='lat' dir='ltr'><strong>princeps</strong></span> <span class='ocrx_word' id='word_1_19' title='bbox 972 751 1218 847; x_wconf 53' lang='lat' dir='ltr'><strong>Turcorum¹q</strong></span> <span class='ocrx_word' id='word_1_20' title='bbox 1245 751 1347 824; x_wconf 86' lang='lat' dir='ltr'>misit</span> <span class='ocrx_word' id='word_1_21' title='bbox 1372 750 1406 824; x_wconf 90' lang='lat' dir='ltr'><strong>ei</strong></span> 
     </span>
     <span class='ocr_line' id='line_1_4' title="bbox 307 851 1408 956; baseline -0.005 -26"><span class='ocrx_word' id='word_1_22' title='bbox 307 857 534 956; x_wconf 82' lang='lat' dir='ltr'><strong>quingentos</strong></span> <span class='ocrx_word' id='word_1_23' title='bbox 562 851 715 948; x_wconf 68' lang='lat' dir='ltr'><strong>milites,</strong></span> <span class='ocrx_word' id='word_1_24' title='bbox 744 853 807 950; x_wconf 94' lang='lat' dir='ltr'><strong>qui</strong></span> <span class='ocrx_word' id='word_1_25' title='bbox 826 875 914 925; x_wconf 87' lang='lat' dir='ltr'><strong>eum</strong></span> <span class='ocrx_word' id='word_1_26' title='bbox 932 876 1000 950; x_wconf 88' lang='lat' dir='ltr'><strong>per</strong></span> <span class='ocrx_word' id='word_1_27' title='bbox 1018 863 1158 925; x_wconf 88' lang='lat' dir='ltr'><strong>terram</strong></span> <span class='ocrx_word' id='word_1_28' title='bbox 1176 851 1325 926; x_wconf 89' lang='lat' dir='ltr'><strong>Milonis</strong></span> <span class='ocrx_word' id='word_1_29' title='bbox 1345 855 1408 925; x_wconf 92' lang='lat' dir='ltr'><strong>de·</strong></span> 
     </span>
     <span class='ocr_line' id='line_1_5' title="bbox 307 952 1409 1052; baseline -0.009 -18"><span class='ocrx_word' id='word_1_30' title='bbox 307 964 489 1034; x_wconf 83' lang='lat' dir='ltr'>ducerent</span> <span class='ocrx_word' id='word_1_31' title='bbox 507 978 593 1027; x_wconf 91' lang='lat' dir='ltr'><strong>curn</strong></span> <span class='ocrx_word' id='word_1_32' title='bbox 612 952 784 1028; x_wconf 88' lang='lat' dir='ltr'><strong>omnibus</strong></span> <span class='ocrx_word' id='word_1_33' title='bbox 805 978 877 1052; x_wconf 89' lang='lat' dir='ltr'><strong>que</strong></span> <span class='ocrx_word' id='word_1_34' title='bbox 895 953 993 1026; x_wconf 90' lang='lat' dir='ltr'><strong>illius</strong></span> <span class='ocrx_word' id='word_1_35' title='bbox 1014 963 1130 1026; x_wconf 88' lang='lat' dir='ltr'><strong>erant.</strong></span> <span class='ocrx_word' id='word_1_36' title='bbox 1166 954 1326 1028; x_wconf 82' lang='lat' dir='ltr'><strong>Profecti</strong></span> <span class='ocrx_word' id='word_1_37' title='bbox 1345 978 1409 1026; x_wconf 92' lang='lat' dir='ltr'><strong>au·</strong></span> 
     </span>
     <span class='ocr_line' id='line_1_6' title="bbox 307 1054 1409 1156; baseline -0.006 -23"><span class='ocrx_word' id='word_1_38' title='bbox 307 1071 385 1133; x_wconf 85' lang='lat' dir='ltr'><strong>tem</strong></span> <span class='ocrx_word' id='word_1_39' title='bbox 403 1079 473 1156; x_wconf 88' lang='lat' dir='ltr'><strong>per</strong></span> <span class='ocrx_word' id='word_1_40' title='bbox 489 1055 653 1129; x_wconf 90' lang='lat' dir='ltr'><strong>triduum</strong></span> <span class='ocrx_word' id='word_1_41' title='bbox 672 1054 904 1128; x_wconf 88' lang='lat' dir='ltr'><strong>transierunt</strong></span> <span class='ocrx_word' id='word_1_42' title='bbox 919 1077 989 1152; x_wconf 88' lang='lat' dir='ltr'><strong>per</strong></span> <span class='ocrx_word' id='word_1_43' title='bbox 1006 1065 1146 1128; x_wconf 89' lang='lat' dir='ltr'><strong>terram</strong></span> <span class='ocrx_word' id='word_1_44' title='bbox 1165 1057 1355 1128; x_wconf 76' lang='lat' dir='ltr'><strong>desertam</strong></span> <span class='ocrx_word' id='word_1_45' title='bbox 1371 1065 1409 1128; x_wconf 88' lang='lat' dir='ltr'><strong>et</strong></span> 
     </span>
     <span class='ocr_line' id='line_1_7' title="bbox 309 1155 1409 1254; baseline -0.005 -22"><span class='ocrx_word' id='word_1_46' title='bbox 309 1158 450 1232; x_wconf 89' lang='lat' dir='ltr'><strong>inviam</strong></span> <span class='ocrx_word' id='word_1_47' title='bbox 466 1165 502 1229; x_wconf 91' lang='lat' dir='ltr'><strong>et</strong></span> <span class='ocrx_word' id='word_1_48' title='bbox 520 1157 757 1254; x_wconf 72' lang='lat' dir='ltr'><strong>inaquosam,</strong></span> <span class='ocrx_word' id='word_1_49' title='bbox 772 1166 913 1228; x_wconf 88' lang='lat' dir='ltr'><strong>terram</strong></span> <span class='ocrx_word' id='word_1_50' title='bbox 927 1156 1092 1228; x_wconf 89' lang='lat' dir='ltr'><strong>horroris</strong></span> <span class='ocrx_word' id='word_1_51' title='bbox 1109 1166 1146 1228; x_wconf 88' lang='lat' dir='ltr'><strong>et</strong></span> <span class='ocrx_word' id='word_1_52' title='bbox 1158 1167 1266 1230; x_wconf 88' lang='lat' dir='ltr'><strong>vaste</strong></span> <span class='ocrx_word' id='word_1_53' title='bbox 1282 1155 1409 1230; x_wconf 88' lang='lat' dir='ltr'><strong>solitu·</strong></span> 
     </span>
     <span class='ocr_line' id='line_1_8' title="bbox 310 1256 1410 1355; baseline -0.005 -22"><span class='ocrx_word' id='word_1_54' title='bbox 310 1257 441 1355; x_wconf 71' lang='lat' dir='ltr'><strong>dinis²‚</strong></span> <span class='ocrx_word' id='word_1_55' title='bbox 458 1280 530 1354; x_wconf 87' lang='lat' dir='ltr'><strong>que</strong></span> <span class='ocrx_word' id='word_1_56' title='bbox 543 1257 727 1332; x_wconf 86' lang='lat' dir='ltr'><strong>llumenia</strong></span> <span class='ocrx_word' id='word_1_57' title='bbox 738 1259 888 1331; x_wconf 86' lang='lat' dir='ltr'><strong>deserta</strong></span> <span class='ocrx_word' id='word_1_58' title='bbox 905 1257 1048 1354; x_wconf 81' lang='lat' dir='ltr'><strong>dicitur⁷</strong></span> <span class='ocrx_word' id='word_1_59' title='bbox 1064 1256 1124 1329; x_wconf 88' lang='lat' dir='ltr'><strong>ubi</strong></span> <span class='ocrx_word' id='word_1_60' title='bbox 1136 1257 1294 1348; x_wconf 82' lang='lat' dir='ltr'><strong>multum</strong></span> <span class='ocrx_word' id='word_1_61' title='bbox 1309 1259 1410 1331; x_wconf 88' lang='lat' dir='ltr'><strong>labo·</strong></span> 
     </span>
     <span class='ocr_line' id='line_1_9' title="bbox 310 1357 1409 1458; baseline -0.005 -24"><span class='ocrx_word' id='word_1_62' title='bbox 310 1369 502 1454; x_wconf 75' lang='lat' dir='ltr'><strong>raverunt‚</strong></span> <span class='ocrx_word' id='word_1_63' title='bbox 519 1369 714 1458; x_wconf 90' lang='lat' dir='ltr'><strong>portantes</strong></span> <span class='ocrx_word' id='word_1_64' title='bbox 730 1357 767 1430; x_wconf 96' lang='lat' dir='ltr'><strong>in</strong></span> <span class='ocrx_word' id='word_1_65' title='bbox 784 1357 890 1456; x_wconf 89' lang='lat' dir='ltr'><strong>equis</strong></span> <span class='ocrx_word' id='word_1_66' title='bbox 906 1358 1030 1431; x_wconf 91' lang='lat' dir='ltr'><strong>omnia</strong></span> <span class='ocrx_word' id='word_1_67' title='bbox 1045 1359 1276 1448; x_wconf 61' lang='lat' dir='ltr'><strong>necessaria„</strong></span> <span class='ocrx_word' id='word_1_68' title='bbox 1296 1358 1409 1432; x_wconf 87' lang='lat' dir='ltr'><strong>ctiam</strong></span> 
     </span>
     <span class='ocr_line' id='line_1_10' title="bbox 312 1458 1409 1561; baseline -0.003 -25"><span class='ocrx_word' id='word_1_69' title='bbox 312 1485 450 1561; x_wconf 91' lang='lat' dir='ltr'><strong>aquam</strong></span> <span class='ocrx_word' id='word_1_70' title='bbox 466 1485 578 1558; x_wconf 93' lang='lat' dir='ltr'><strong>quam</strong></span> <span class='ocrx_word' id='word_1_71' title='bbox 593 1459 763 1534; x_wconf 86' lang='lat' dir='ltr'><strong>biberent</strong></span> <span class='ocrx_word' id='word_1_72' title='bbox 775 1469 852 1532; x_wconf 85' lang='lat' dir='ltr'><strong>tam</strong></span> <span class='ocrx_word' id='word_1_73' title='bbox 866 1459 937 1558; x_wconf 91' lang='lat' dir='ltr'><strong>ipsi</strong></span> <span class='ocrx_word' id='word_1_74' title='bbox 954 1483 1066 1558; x_wconf 89' lang='lat' dir='ltr'><strong>quam</strong></span> <span class='ocrx_word' id='word_1_75' title='bbox 1082 1458 1248 1532; x_wconf 85' lang='lat' dir='ltr'><strong>iumenta</strong></span> <span class='ocrx_word' id='word_1_76' title='bbox 1269 1485 1409 1533; x_wconf 88' lang='lat' dir='ltr'><strong>eorum.</strong></span> 
     </span>
     <span class='ocr_line' id='line_1_11' title="bbox 310 1559 1410 1660; baseline -0.003 -24"><span class='ocrx_word' id='word_1_77' title='bbox 310 1565 356 1636; x_wconf 84' lang='lat' dir='ltr'><strong>Et</strong></span> <span class='ocrx_word' id='word_1_78' title='bbox 382 1563 433 1635; x_wconf 88' lang='lat' dir='ltr'><strong>ita</strong></span> <span class='ocrx_word' id='word_1_79' title='bbox 458 1571 714 1659; x_wconf 88' lang='lat' dir='ltr'><strong>pervenerunt</strong></span> <span class='ocrx_word' id='word_1_80' title='bbox 738 1563 784 1632; x_wconf 92' lang='lat' dir='ltr'><strong>ad</strong></span> <span class='ocrx_word' id='word_1_81' title='bbox 809 1561 1000 1634; x_wconf 88' lang='lat' dir='ltr'><strong>civitatem</strong></span> <span class='ocrx_word' id='word_1_82' title='bbox 1024 1585 1097 1660; x_wconf 91' lang='lat' dir='ltr'><strong>que</strong></span> <span class='ocrx_word' id='word_1_83' title='bbox 1121 1559 1223 1632; x_wconf 86' lang='lat' dir='ltr'><strong>iuxta</strong></span> <span class='ocrx_word' id='word_1_84' title='bbox 1241 1562 1410 1659; x_wconf 82' lang='lat' dir='ltr'><strong>linguam</strong></span> 
     </span>
    </p>

    <p class='ocr_par' dir='ltr' id='par_1_3' title="bbox 259 1659 1507 3880">
     <span class='ocr_line' id='line_1_12' title="bbox 259 1659 1411 1760; baseline -0.003 -22"><span class='ocrx_word' id='word_1_85' title='bbox 259 1687 261 1694; x_wconf 87' lang='lat'>·</span> <span class='ocrx_word' id='word_1_86' title='bbox 312 1665 519 1738; x_wconf 80' lang='lat' dir='ltr'><strong>&#39;lurcorum</strong></span> <span class='ocrx_word' id='word_1_87' title='bbox 541 1661 673 1734; x_wconf 90' lang='lat' dir='ltr'><strong>dicitur</strong></span> <span class='ocrx_word' id='word_1_88' title='bbox 693 1660 851 1758; x_wconf 69' lang='lat' dir='ltr'><strong>tarini,</strong></span> <span class='ocrx_word' id='word_1_89' title='bbox 876 1659 913 1732; x_wconf 94' lang='lat' dir='ltr'><strong>in</strong></span> <span class='ocrx_word' id='word_1_90' title='bbox 934 1672 1061 1734; x_wconf 88' lang='lat' dir='ltr'><strong>nostra</strong></span> <span class='ocrx_word' id='word_1_91' title='bbox 1080 1662 1206 1759; x_wconf 82' lang='lat' dir='ltr'><strong>lingua</strong></span> <span class='ocrx_word' id='word_1_92' title='bbox 1230 1661 1411 1760; x_wconf 74' lang='lat' dir='ltr'><strong>Eraclia³⁷</strong></span> 
     </span>
     <span class='ocr_line' id='line_1_13' title="bbox 315 1761 1412 1863; baseline 0 -27"><span class='ocrx_word' id='word_1_93' title='bbox 315 1787 429 1863; x_wconf 89' lang='lat' dir='ltr'><strong>quam</strong></span> <span class='ocrx_word' id='word_1_94' title='bbox 455 1763 630 1860; x_wconf 88' lang='lat' dir='ltr'><strong>princeps</strong></span> <span class='ocrx_word' id='word_1_95' title='bbox 655 1761 989 1856; x_wconf 87' lang='lat' dir='ltr'><strong>lerosolymitanus</strong></span> <span class='ocrx_word' id='word_1_96' title='bbox 1008 1763 1175 1836; x_wconf 81' lang='lat' dir='ltr'><strong>llraclius</strong></span> <span class='ocrx_word' id='word_1_97' title='bbox 1202 1763 1289 1836; x_wconf 94' lang='lat' dir='ltr'><strong>olim</strong></span> <span class='ocrx_word' id='word_1_98' title='bbox 1308 1774 1412 1836; x_wconf 89' lang='lat' dir='ltr'><strong>tene·</strong></span> 
     </span>
     <span class='ocr_line' id='line_1_14' title="bbox 313 1860 1412 1964; baseline -0.003 -25"><span class='ocrx_word' id='word_1_99' title='bbox 313 1869 389 1958; x_wconf 65' lang='lat' dir='ltr'><strong>bat,</strong></span> <span class='ocrx_word' id='word_1_100' title='bbox 417 1865 479 1962; x_wconf 91' lang='lat' dir='ltr'><strong>qui</strong></span> <span class='ocrx_word' id='word_1_101' title='bbox 504 1863 637 1936; x_wconf 88' lang='lat' dir='ltr'><strong>occidit</strong></span> <span class='ocrx_word' id='word_1_102' title='bbox 655 1860 858 1958; x_wconf 71' lang='lat' dir='ltr'><strong>Cosdroe⁴‚</strong></span> <span class='ocrx_word' id='word_1_103' title='bbox 882 1863 944 1962; x_wconf 90' lang='lat' dir='ltr'><strong>qui</strong></span> <span class='ocrx_word' id='word_1_104' title='bbox 968 1864 1239 1959; x_wconf 86' lang='lat' dir='ltr'><strong>lerosolymam</strong></span> <span class='ocrx_word' id='word_1_105' title='bbox 1259 1875 1412 1964; x_wconf 86' lang='lat' dir='ltr'><strong>ceperat</strong></span> 
     </span>
     <span class='ocr_line' id='line_1_15' title="bbox 316 1963 1411 2064; baseline -0.003 -24"><span class='ocrx_word' id='word_1_106' title='bbox 316 1977 354 2040; x_wconf 88' lang='lat' dir='ltr'><strong>et</strong></span> <span class='ocrx_word' id='word_1_107' title='bbox 371 1965 515 2063; x_wconf 82' lang='lat' dir='ltr'><strong>lignum</strong></span> <span class='ocrx_word' id='word_1_108' title='bbox 533 1963 682 2037; x_wconf 89' lang='lat' dir='ltr'><strong>Domini</strong></span> <span class='ocrx_word' id='word_1_109' title='bbox 700 1963 737 2035; x_wconf 91' lang='lat' dir='ltr'><strong>in</strong></span> <span class='ocrx_word' id='word_1_110' title='bbox 762 1963 1016 2062; x_wconf 85' lang='lat' dir='ltr'><strong>captivitatem</strong></span> <span class='ocrx_word' id='word_1_111' title='bbox 1033 1977 1302 2064; x_wconf 83' lang='lat' dir='ltr'><strong>asportaverat.</strong></span> <span class='ocrx_word' id='word_1_112' title='bbox 1329 1968 1411 2040; x_wconf 89' lang='lat' dir='ltr'><strong>Dux</strong></span> 
     </span>
     <span class='ocr_line' id='line_1_16' title="bbox 316 2064 1410 2166; baseline 0.001 -27"><span class='ocrx_word' id='word_1_113' title='bbox 316 2066 558 2140; x_wconf 87' lang='lat' dir='ltr'><strong>autem‘illuc</strong></span> <span class='ocrx_word' id='word_1_114' title='bbox 588 2064 816 2163; x_wconf 80' lang='lat' dir='ltr'><strong>perveniens</strong></span> <span class='ocrx_word' id='word_1_115' title='bbox 850 2065 1050 2163; x_wconf 82' lang='lat' dir='ltr'><strong>magnifice</strong></span> <span class='ocrx_word' id='word_1_116' title='bbox 1075 2077 1276 2166; x_wconf 81' lang='lat' dir='ltr'><strong>susceptus</strong></span> <span class='ocrx_word' id='word_1_117' title='bbox 1304 2078 1363 2140; x_wconf 89' lang='lat' dir='ltr'><strong>est</strong></span> <span class='ocrx_word' id='word_1_118' title='bbox 1390 2091 1410 2139; x_wconf 93' lang='lat' dir='ltr'><strong>a</strong></span> 
     </span>
     <span class='ocr_line' id='line_1_17' title="bbox 317 2167 1413 2264; baseline 0 -25"><span class='ocrx_word' id='word_1_119' title='bbox 317 2167 448 2240; x_wconf 90' lang='lat' dir='ltr'><strong>Turcis</strong></span> <span class='ocrx_word' id='word_1_120' title='bbox 469 2175 507 2239; x_wconf 89' lang='lat' dir='ltr'><strong>et</strong></span> <span class='ocrx_word' id='word_1_121' title='bbox 529 2167 615 2239; x_wconf 91' lang='lat' dir='ltr'><strong>inde</strong></span> <span class='ocrx_word' id='word_1_122' title='bbox 637 2168 817 2240; x_wconf 90' lang='lat' dir='ltr'><strong>deductus</strong></span> <span class='ocrx_word' id='word_1_123' title='bbox 834 2178 893 2240; x_wconf 88' lang='lat' dir='ltr'><strong>est</strong></span> <span class='ocrx_word' id='word_1_124' title='bbox 913 2167 1087 2264; x_wconf 70' lang='lat' dir='ltr'><strong>Ararat⁵,</strong></span> <span class='ocrx_word' id='word_1_125' title='bbox 1114 2169 1174 2241; x_wconf 94' lang='lat' dir='ltr'><strong>ubi</strong></span> <span class='ocrx_word' id='word_1_126' title='bbox 1196 2169 1356 2240; x_wconf 89' lang='lat' dir='ltr'><strong>occurrit</strong></span> <span class='ocrx_word' id='word_1_127' title='bbox 1379 2168 1413 2240; x_wconf 84' lang='lat' dir='ltr'><strong>ei</strong></span> 
     </span>
     <span class='ocr_line' id='line_1_18' title="bbox 318 2267 1413 2366; baseline -0.003 -23"><span class='ocrx_word' id='word_1_128' title='bbox 318 2268 497 2343; x_wconf 88' lang='lat' dir='ltr'><strong>soldanus</strong></span> <span class='ocrx_word' id='word_1_129' title='bbox 515 2267 735 2362; x_wconf 73' lang='lat' dir='ltr'><strong>letissimus‚</strong></span> <span class='ocrx_word' id='word_1_130' title='bbox 759 2268 978 2366; x_wconf 85' lang='lat' dir='ltr'><strong>amplexans</strong></span> <span class='ocrx_word' id='word_1_131' title='bbox 1004 2278 1042 2342; x_wconf 88' lang='lat' dir='ltr'><strong>et</strong></span> <span class='ocrx_word' id='word_1_132' title='bbox 1064 2269 1286 2344; x_wconf 90' lang='lat' dir='ltr'><strong>deosculans</strong></span> <span class='ocrx_word' id='word_1_133' title='bbox 1313 2293 1413 2365; x_wconf 75' lang='lat' dir='ltr'><strong>eum7</strong></span> 
     </span>
     <span class='ocr_line' id='line_1_19' title="bbox 318 2369 1411 2467; baseline -0.002 -25"><span class='ocrx_word' id='word_1_134' title='bbox 318 2369 461 2466; x_wconf 74' lang='lat' dir='ltr'><strong>dicens,</strong></span> <span class='ocrx_word' id='word_1_135' title='bbox 493 2393 581 2443; x_wconf 91' lang='lat' dir='ltr'><strong>eum</strong></span> <span class='ocrx_word' id='word_1_136' title='bbox 612 2370 935 2467; x_wconf 81' lang='lat' dir='ltr'><strong>consanguineum</strong></span> <span class='ocrx_word' id='word_1_137' title='bbox 962 2395 1072 2444; x_wconf 88' lang='lat' dir='ltr'><strong>suum</strong></span> <span class='ocrx_word' id='word_1_138' title='bbox 1100 2395 1198 2444; x_wconf 90' lang='lat' dir='ltr'><strong>esse.</strong></span> <span class='ocrx_word' id='word_1_139' title='bbox 1244 2373 1411 2466; x_wconf 89' lang='lat' dir='ltr'><strong>Cumque</strong></span> 
     </span>
     <span class='ocr_line' id='line_1_20' title="bbox 319 2469 1414 2570; baseline -0.005 -20"><span class='ocrx_word' id='word_1_140' title='bbox 319 2474 393 2550; x_wconf 80' lang='lat' dir='ltr'><strong>(lux</strong></span> <span class='ocrx_word' id='word_1_141' title='bbox 410 2469 645 2569; x_wconf 85' lang='lat' dir='ltr'><strong>perquireret</strong></span> <span class='ocrx_word' id='word_1_142' title='bbox 659 2469 879 2544; x_wconf 86' lang='lat' dir='ltr'><strong>affinitatem</strong></span> <span class='ocrx_word' id='word_1_143' title='bbox 903 2471 1252 2570; x_wconf 63' lang='lat' dir='ltr'><strong>consanguinitatis7</strong></span> <span class='ocrx_word' id='word_1_144' title='bbox 1275 2472 1337 2546; x_wconf 87' lang='lat' dir='ltr'><strong>ille</strong></span> <span class='ocrx_word' id='word_1_145' title='bbox 1356 2495 1414 2544; x_wconf 88' lang='lat' dir='ltr'><strong>re·</strong></span> 
     </span>
     <span class='ocr_line' id='line_1_21' title="bbox 322 2569 1415 2670; baseline 0.002 -26"><span class='ocrx_word' id='word_1_146' title='bbox 322 2571 490 2670; x_wconf 82' lang='lat' dir='ltr'><strong>spondit:</strong></span> <span class='ocrx_word' id='word_1_147' title='bbox 528 2569 691 2660; x_wconf 75' lang='lat' dir='ltr'><strong>(laedam</strong></span> <span class='ocrx_word' id='word_1_148' title='bbox 708 2571 841 2644; x_wconf 79' lang='lat' dir='ltr'><strong>nobilis</strong></span> <span class='ocrx_word' id='word_1_149' title='bbox 857 2579 1030 2646; x_wconf 84' lang='lat' dir='ltr'><strong>matrona</strong></span> <span class='ocrx_word' id='word_1_150' title='bbox 1048 2573 1209 2646; x_wconf 77' lang='lat' dir='ltr'><strong>deterre</strong></span> <span class='ocrx_word' id='word_1_151' title='bbox 1228 2573 1415 2646; x_wconf 83' lang='lat' dir='ltr'><strong>Theutom‘·</strong></span> 
     </span>
     <span class='ocr_line' id='line_1_22' title="bbox 322 2671 1414 2768; baseline 0.003 -24"><span class='ocrx_word' id='word_1_152' title='bbox 322 2693 449 2759; x_wconf 83' lang='lat' dir='ltr'><strong>corum</strong></span> <span class='ocrx_word' id='word_1_153' title='bbox 465 2673 589 2766; x_wconf 81' lang='lat' dir='ltr'><strong>nupsit</strong></span> <span class='ocrx_word' id='word_1_154' title='bbox 598 2674 675 2767; x_wconf 76' lang='lat' dir='ltr'><strong>repi</strong></span> <span class='ocrx_word' id='word_1_155' title='bbox 687 2671 946 2768; x_wconf 66' lang='lat' dir='ltr'><strong>Rornanorum,</strong></span> <span class='ocrx_word' id='word_1_156' title='bbox 965 2677 1027 2768; x_wconf 80' lang='lat' dir='ltr'><strong>qui</strong></span> <span class='ocrx_word' id='word_1_157' title='bbox 1038 2677 1215 2768; x_wconf 68' lang='lat' dir='ltr'><strong>penaliter</strong></span> <span class='ocrx_word' id='word_1_158' title='bbox 1229 2697 1273 2746; x_wconf 84' lang='lat' dir='ltr'><strong>ca</strong></span> <span class='ocrx_word' id='word_1_159' title='bbox 1286 2674 1414 2768; x_wconf 67' lang='lat' dir='ltr'><strong>filiam</strong></span> 
     </span>
     <span class='ocr_line' id='line_1_23' title="bbox 320 2771 1414 2870; baseline 0.002 -26"><span class='ocrx_word' id='word_1_160' title='bbox 320 2774 425 2844; x_wconf 80' lang='lat' dir='ltr'><strong>cuius</strong></span> <span class='ocrx_word' id='word_1_161' title='bbox 442 2771 519 2861; x_wconf 70' lang='lat' dir='ltr'><strong>filiu</strong></span> <span class='ocrx_word' id='word_1_162' title='bbox 544 2771 738 2846; x_wconf 74' lang='lat' dir='ltr'><strong>devenitur</strong></span> <span class='ocrx_word' id='word_1_163' title='bbox 759 2779 895 2844; x_wconf 81' lang='lat' dir='ltr'><strong>terram</strong></span> <span class='ocrx_word' id='word_1_164' title='bbox 913 2781 1090 2868; x_wconf 77' lang='lat' dir='ltr'><strong>noctram,</strong></span> <span class='ocrx_word' id='word_1_165' title='bbox 1110 2773 1154 2846; x_wconf 83' lang='lat' dir='ltr'><strong>cle</strong></span> <span class='ocrx_word' id='word_1_166' title='bbox 1173 2797 1246 2870; x_wconf 84' lang='lat' dir='ltr'><strong>qua</strong></span> <span class='ocrx_word' id='word_1_167' title='bbox 1267 2798 1332 2868; x_wconf 79' lang='lat' dir='ltr'><strong>epo</strong></span> <span class='ocrx_word' id='word_1_168' title='bbox 1354 2773 1414 2846; x_wconf 84' lang='lat' dir='ltr'><strong>dc·</strong></span> 
     </span>
     <span class='ocr_line' id='line_1_24' title="bbox 319 2871 1507 2972; baseline 0 -26"><span class='ocrx_word' id='word_1_169' title='bbox 319 2871 476 2946; x_wconf 66' lang='lat' dir='ltr'><strong>scandit.</strong></span> <span class='ocrx_word' id='word_1_170' title='bbox 521 2873 775 2946; x_wconf 85' lang='lat' dir='ltr'><strong>Benedicebat</strong></span> <span class='ocrx_word' id='word_1_171' title='bbox 808 2884 934 2946; x_wconf 88' lang='lat' dir='ltr'><strong>autem</strong></span> <span class='ocrx_word' id='word_1_172' title='bbox 966 2875 1143 2948; x_wconf 88' lang='lat' dir='ltr'><strong>soldanus</strong></span> <span class='ocrx_word' id='word_1_173' title='bbox 1175 2877 1297 2948; x_wconf 91' lang='lat' dir='ltr'><strong>Deum</strong></span> <span class='ocrx_word' id='word_1_174' title='bbox 1330 2874 1415 2972; x_wconf 67' lang='lat' dir='ltr'><strong>celi7</strong></span> <span class='ocrx_word' id='word_1_175' title='bbox 1505 2961 1507 2964; x_wconf 25' lang='lat'>,</span> 
     </span>
     <span class='ocr_line' id='line_1_25' title="bbox 320 2973 1429 3072; baseline 0.002 -26"><span class='ocrx_word' id='word_1_176' title='bbox 320 2973 405 3072; x_wconf 92' lang='lat' dir='ltr'><strong>quia</strong></span> <span class='ocrx_word' id='word_1_177' title='bbox 433 2976 507 3048; x_wconf 87' lang='lat' dir='ltr'><strong>dux</strong></span> <span class='ocrx_word' id='word_1_178' title='bbox 529 2999 664 3048; x_wconf 90' lang='lat' dir='ltr'><strong>manus</strong></span> <span class='ocrx_word' id='word_1_179' title='bbox 689 2973 835 3048; x_wconf 84' lang='lat' dir='ltr'><strong>Milonis</strong></span> <span class='ocrx_word' id='word_1_180' title='bbox 861 2987 1048 3072; x_wconf 68' lang='lat' dir='ltr'><strong>evaserat,</strong></span> <span class='ocrx_word' id='word_1_181' title='bbox 1073 2975 1201 3048; x_wconf 91' lang='lat' dir='ltr'><strong>dicens</strong></span> <span class='ocrx_word' id='word_1_182' title='bbox 1229 2999 1315 3048; x_wconf 92' lang='lat' dir='ltr'><strong>eum</strong></span> <span class='ocrx_word' id='word_1_183' title='bbox 1334 2973 1429 3048; x_wconf 90' lang='lat' dir='ltr'><strong>infi-·</strong></span> 
     </span>
     <span class='ocr_line' id='line_1_26' title="bbox 320 3075 1415 3171; baseline 0 -23"><span class='ocrx_word' id='word_1_184' title='bbox 320 3075 443 3148; x_wconf 89' lang='lat' dir='ltr'><strong>dclem</strong></span> <span class='ocrx_word' id='word_1_185' title='bbox 464 3085 500 3148; x_wconf 89' lang='lat' dir='ltr'><strong>et</strong></span> <span class='ocrx_word' id='word_1_186' title='bbox 518 3076 733 3150; x_wconf 88' lang='lat' dir='ltr'><strong>traditorem</strong></span> <span class='ocrx_word' id='word_1_187' title='bbox 753 3086 802 3171; x_wconf 67' lang='lat' dir='ltr'><strong>et,</strong></span> <span class='ocrx_word' id='word_1_188' title='bbox 822 3075 853 3150; x_wconf 90' lang='lat' dir='ltr'><strong>si</strong></span> <span class='ocrx_word' id='word_1_189' title='bbox 872 3077 909 3148; x_wconf 88' lang='lat' dir='ltr'><strong>in</strong></span> <span class='ocrx_word' id='word_1_190' title='bbox 928 3087 1067 3148; x_wconf 88' lang='lat' dir='ltr'><strong>terram</strong></span> <span class='ocrx_word' id='word_1_191' title='bbox 1088 3076 1167 3150; x_wconf 90' lang='lat' dir='ltr'><strong>eius</strong></span> <span class='ocrx_word' id='word_1_192' title='bbox 1184 3078 1415 3171; x_wconf 65' lang='lat' dir='ltr'><strong>devenisset,</strong></span> 
     </span>
     <span class='ocr_line' id='line_1_27' title="bbox 318 3177 1415 3277; baseline -0.001 -27"><span class='ocrx_word' id='word_1_193' title='bbox 318 3177 486 3276; x_wconf 85' lang='lat' dir='ltr'><strong>profecto</strong></span> <span class='ocrx_word' id='word_1_194' title='bbox 510 3201 596 3250; x_wconf 90' lang='lat' dir='ltr'><strong>eum</strong></span> <span class='ocrx_word' id='word_1_195' title='bbox 615 3181 728 3251; x_wconf 89' lang='lat' dir='ltr'><strong>rebus</strong></span> <span class='ocrx_word' id='word_1_196' title='bbox 747 3177 807 3251; x_wconf 90' lang='lat' dir='ltr'><strong>vel</strong></span> <span class='ocrx_word' id='word_1_197' title='bbox 826 3177 938 3251; x_wconf 86' lang='lat' dir='ltr'><strong>etiam</strong></span> <span class='ocrx_word' id='word_1_198' title='bbox 960 3177 1036 3250; x_wconf 91' lang='lat' dir='ltr'><strong>vita</strong></span> <span class='ocrx_word' id='word_1_199' title='bbox 1056 3178 1270 3277; x_wconf 89' lang='lat' dir='ltr'><strong>spoliasset.</strong></span> <span class='ocrx_word' id='word_1_200' title='bbox 1305 3179 1415 3252; x_wconf 90' lang='lat' dir='ltr'><strong>Dedit</strong></span> 
     </span>
     <span class='ocr_line' id='line_1_28' title="bbox 319 3277 1415 3375; baseline 0.001 -27"><span class='ocrx_word' id='word_1_201' title='bbox 319 3288 447 3350; x_wconf 88' lang='lat' dir='ltr'><strong>autem</strong></span> <span class='ocrx_word' id='word_1_202' title='bbox 474 3277 508 3350; x_wconf 89' lang='lat' dir='ltr'><strong>ei</strong></span> <span class='ocrx_word' id='word_1_203' title='bbox 532 3281 629 3350; x_wconf 91' lang='lat' dir='ltr'><strong>dona</strong></span> <span class='ocrx_word' id='word_1_204' title='bbox 659 3277 839 3375; x_wconf 71' lang='lat' dir='ltr'><strong>plurima7</strong></span> <span class='ocrx_word' id='word_1_205' title='bbox 865 3280 1086 3352; x_wconf 89' lang='lat' dir='ltr'><strong>mantellum</strong></span> <span class='ocrx_word' id='word_1_206' title='bbox 1115 3291 1153 3353; x_wconf 85' lang='lat' dir='ltr'><strong>et</strong></span> <span class='ocrx_word' id='word_1_207' title='bbox 1176 3281 1340 3354; x_wconf 88' lang='lat' dir='ltr'><strong>tunicam</strong></span> <span class='ocrx_word' id='word_1_208' title='bbox 1366 3281 1415 3352; x_wconf 69' lang='lat' dir='ltr'><strong>,de</strong></span> 
     </span>
     <span class='ocr_line' id='line_1_29' title="bbox 318 3377 1418 3478; baseline 0.001 -28"><span class='ocrx_word' id='word_1_209' title='bbox 318 3377 460 3476; x_wconf 86' lang='lat' dir='ltr'><strong>optimo</strong></span> <span class='ocrx_word' id='word_1_210' title='bbox 480 3377 612 3452; x_wconf 78' lang='lat' dir='ltr'><strong>serico,</strong></span> <span class='ocrx_word' id='word_1_211' title='bbox 640 3378 711 3466; x_wconf 84' lang='lat' dir='ltr'><strong>Qui</strong></span> <span class='ocrx_word' id='word_1_212' title='bbox 730 3389 883 3478; x_wconf 86' lang='lat' dir='ltr'><strong>propter</strong></span> <span class='ocrx_word' id='word_1_213' title='bbox 901 3380 1026 3478; x_wconf 89' lang='lat' dir='ltr'><strong>operis</strong></span> <span class='ocrx_word' id='word_1_214' title='bbox 1046 3382 1306 3454; x_wconf 86' lang='lat' dir='ltr'><strong>excellentiam</strong></span> <span class='ocrx_word' id='word_1_215' title='bbox 1327 3380 1418 3454; x_wconf 86' lang='lat' dir='ltr'><strong>fecit</strong></span> 
     </span>
     <span class='ocr_line' id='line_1_30' title="bbox 317 3477 1417 3556; baseline 0.002 -6"><span class='ocrx_word' id='word_1_216' title='bbox 317 3477 405 3552; x_wconf 89' lang='lat' dir='ltr'><strong>inde</strong></span> <span class='ocrx_word' id='word_1_217' title='bbox 425 3479 593 3552; x_wconf 88' lang='lat' dir='ltr'><strong>casulam</strong></span> <span class='ocrx_word' id='word_1_218' title='bbox 614 3489 649 3551; x_wconf 82' lang='lat' dir='ltr'><strong>et</strong></span> <span class='ocrx_word' id='word_1_219' title='bbox 669 3479 918 3553; x_wconf 86' lang='lat' dir='ltr'><strong>dalmaticam.</strong></span> <span class='ocrx_word' id='word_1_220' title='bbox 961 3481 1052 3554; x_wconf 89' lang='lat' dir='ltr'><strong>Post</strong></span> <span class='ocrx_word' id='word_1_221' title='bbox 1070 3483 1140 3554; x_wconf 89' lang='lat' dir='ltr'><strong>hec</strong></span> <span class='ocrx_word' id='word_1_222' title='bbox 1159 3484 1305 3556; x_wconf 87' lang='lat' dir='ltr'><strong>adducti</strong></span> <span class='ocrx_word' id='word_1_223' title='bbox 1327 3491 1417 3554; x_wconf 87' lang='lat' dir='ltr'><strong>sunt</strong></span> 
     </span>
     <span class='ocr_line' id='line_1_31' title="bbox 319 3579 1416 3680; baseline 0.001 -27"><span class='ocrx_word' id='word_1_224' title='bbox 319 3579 405 3678; x_wconf 85' lang='lat' dir='ltr'><strong>equi</strong></span> <span class='ocrx_word' id='word_1_225' title='bbox 432 3580 533 3652; x_wconf 91' lang='lat' dir='ltr'><strong>mille</strong></span> <span class='ocrx_word' id='word_1_226' title='bbox 559 3579 775 3676; x_wconf 70' lang='lat' dir='ltr'><strong>octingenti⁷</strong></span> <span class='ocrx_word' id='word_1_227' title='bbox 804 3591 845 3652; x_wconf 87' lang='lat' dir='ltr'><strong>ut</strong></span> <span class='ocrx_word' id='word_1_228' title='bbox 863 3581 1020 3678; x_wconf 77' lang='lat' dir='ltr'><strong>eligeret</strong></span> <span class='ocrx_word' id='word_1_229' title='bbox 1038 3607 1132 3680; x_wconf 92' lang='lat' dir='ltr'><strong>quos</strong></span> <span class='ocrx_word' id='word_1_230' title='bbox 1151 3583 1274 3656; x_wconf 91' lang='lat' dir='ltr'><strong>vellet.</strong></span> <span class='ocrx_word' id='word_1_231' title='bbox 1315 3582 1416 3656; x_wconf 86' lang='lat' dir='ltr'><strong>Dixit</strong></span> 
     </span>
     <span class='ocr_line' id='line_1_32' title="bbox 319 3679 1416 3782; baseline 0.002 -28"><span class='ocrx_word' id='word_1_232' title='bbox 319 3704 409 3778; x_wconf 83' lang='lat' dir='ltr'><strong>ergo</strong></span> <span class='ocrx_word' id='word_1_233' title='bbox 442 3684 514 3753; x_wconf 86' lang='lat' dir='ltr'><strong>dux</strong></span> <span class='ocrx_word' id='word_1_234' title='bbox 541 3679 717 3754; x_wconf 89' lang='lat' dir='ltr'><strong>militibus</strong></span> <span class='ocrx_word' id='word_1_235' title='bbox 747 3681 849 3777; x_wconf 63' lang='lat' dir='ltr'><strong>suis,</strong></span> <span class='ocrx_word' id='word_1_236' title='bbox 876 3692 915 3754; x_wconf 89' lang='lat' dir='ltr'><strong>ut</strong></span> <span class='ocrx_word' id='word_1_237' title='bbox 945 3683 1103 3782; x_wconf 91' lang='lat' dir='ltr'><strong>quisque</strong></span> <span class='ocrx_word' id='word_1_238' title='bbox 1130 3683 1319 3782; x_wconf 89' lang='lat' dir='ltr'><strong>acciperet</strong></span> <span class='ocrx_word' id='word_1_239' title='bbox 1346 3683 1416 3758; x_wconf 89' lang='lat' dir='ltr'><strong>sibi</strong></span> 
     </span>
     <span class='ocr_line' id='line_1_33' title="bbox 319 3781 1416 3880; baseline 0.001 -24"><span class='ocrx_word' id='word_1_240' title='bbox 319 3801 456 3880; x_wconf 90' lang='lat' dir='ltr'><strong>equum</strong></span> <span class='ocrx_word' id='word_1_241' title='bbox 477 3805 590 3880; x_wconf 89' lang='lat' dir='ltr'><strong>quern</strong></span> <span class='ocrx_word' id='word_1_242' title='bbox 609 3781 802 3855; x_wconf 87' lang='lat' dir='ltr'><strong>voluisset.</strong></span> <span class='ocrx_word' id='word_1_243' title='bbox 829 3783 917 3856; x_wconf 91' lang='lat' dir='ltr'><strong>lnde</strong></span> <span class='ocrx_word' id='word_1_244' title='bbox 933 3785 1080 3858; x_wconf 90' lang='lat' dir='ltr'><strong>adducti</strong></span> <span class='ocrx_word' id='word_1_245' title='bbox 1096 3795 1182 3858; x_wconf 90' lang='lat' dir='ltr'><strong>sunt</strong></span> <span class='ocrx_word' id='word_1_246' title='bbox 1198 3785 1329 3860; x_wconf 85' lang='lat' dir='ltr'><strong>caballi</strong></span> <span class='ocrx_word' id='word_1_247' title='bbox 1343 3787 1416 3860; x_wconf 85' lang='lat' dir='ltr'><strong>for-</strong></span> 
     </span>
    </p>
   </div>
   <div class='ocr_carea' id='block_1_3' title="bbox 318 3919 1418 4084">
    <p class='ocr_par' dir='ltr' id='par_1_4' title="bbox 318 3919 1418 4084">
     <span class='ocr_line' id='line_1_34' title="bbox 318 3919 1418 4084; baseline 0.007 -78"><span class='ocrx_word' id='word_1_248' title='bbox 318 3953 343 4025; x_wconf 84' lang='lat'><strong>1)</strong></span> <span class='ocrx_word' id='word_1_249' title='bbox 354 3953 475 4010; x_wconf 75' lang='lat' dir='ltr'><strong>Aseddin</strong></span> <span class='ocrx_word' id='word_1_250' title='bbox 495 3953 711 4008; x_wconf 85' lang='lat' dir='ltr'><strong>Kilidscharslan</strong></span> <span class='ocrx_word' id='word_1_251' title='bbox 723 3953 757 4009; x_wconf 92' lang='lat' dir='ltr'><strong>ll.</strong></span> <span class='ocrx_word' id='word_1_252' title='bbox 775 3955 904 4010; x_wconf 86' lang='lat' dir='ltr'><strong>soldanus</strong></span> <span class='ocrx_word' id='word_1_253' title='bbox 922 3919 1151 4012; x_wconf 77' lang='lat' dir='ltr'><strong>Seldschulrorum</strong></span> <span class='ocrx_word' id='word_1_254' title='bbox 1168 3957 1263 4013; x_wconf 82' lang='lat' dir='ltr'><strong>leonii.</strong></span> <span class='ocrx_word' id='word_1_255' title='bbox 1319 3961 1418 4084; x_wconf 46' lang='lat' dir='ltr'><strong>{pler-</strong></span> 
     </span>
    </p>
   </div>
   <div class='ocr_carea' id='block_1_4' title="bbox 315 4025 1419 4322">
    <p class='ocr_par' dir='ltr' id='par_1_5' title="bbox 315 4025 1419 4322">
     <span class='ocr_line' id='line_1_35' title="bbox 315 4025 1417 4102; baseline 0.002 -20"><span class='ocrx_word' id='word_1_256' title='bbox 315 4043 427 4082; x_wconf 76' lang='lat' dir='ltr'><strong>ram·</strong></span> <span class='ocrx_word' id='word_1_257' title='bbox 447 4031 604 4099; x_wconf 76' lang='lat' dir='ltr'><strong>solitudinis,</strong></span> <span class='ocrx_word' id='word_1_258' title='bbox 626 4047 650 4083; x_wconf 82' lang='lat' dir='ltr'><strong>v.</strong></span> <span class='ocrx_word' id='word_1_259' title='bbox 672 4027 818 4083; x_wconf 85' lang='lat' dir='ltr'><strong>Deuteron.</strong></span> <span class='ocrx_word' id='word_1_260' title='bbox 839 4030 883 4093; x_wconf 77' lang='lat'><strong>32,</strong></span> <span class='ocrx_word' id='word_1_261' title='bbox 906 4028 948 4085; x_wconf 87' lang='lat'><strong>10.</strong></span> <span class='ocrx_word' id='word_1_262' title='bbox 1023 4030 1049 4098; x_wconf 82' lang='lat'><strong>3)</strong></span> <span class='ocrx_word' id='word_1_263' title='bbox 1069 4031 1149 4086; x_wconf 90' lang='lat' dir='ltr'><strong>hodie</strong></span> <span class='ocrx_word' id='word_1_264' title='bbox 1173 4025 1265 4087; x_wconf 86' lang='lat' dir='ltr'><strong>Erelli</strong></span> <span class='ocrx_word' id='word_1_265' title='bbox 1286 4051 1307 4086; x_wconf 85' lang='lat' dir='ltr'><strong>s.</strong></span> <span class='ocrx_word' id='word_1_266' title='bbox 1340 4031 1417 4102; x_wconf 56' lang='lat' dir='ltr'><strong>iregli</strong></span> 
     </span>
     <span class='ocr_line' id='line_1_36' title="bbox 316 4097 1414 4178; baseline 0.007 -26"><span class='ocrx_word' id='word_1_267' title='bbox 316 4102 350 4153; x_wconf 86' lang='lat' dir='ltr'><strong>ad</strong></span> <span class='ocrx_word' id='word_1_268' title='bbox 369 4097 469 4170; x_wconf 80' lang='lat' dir='ltr'><strong>Halym</strong></span> <span class='ocrx_word' id='word_1_269' title='bbox 491 4102 612 4156; x_wconf 88' lang='lat' dir='ltr'><strong>llurium.</strong></span> <span class='ocrx_word' id='word_1_270' title='bbox 712 4103 739 4171; x_wconf 72' lang='lat'><strong>4)</strong></span> <span class='ocrx_word' id='word_1_271' title='bbox 759 4101 874 4156; x_wconf 85' lang='lat' dir='ltr'><strong>Cosroes</strong></span> <span class='ocrx_word' id='word_1_272' title='bbox 894 4102 928 4157; x_wconf 89' lang='lat' dir='ltr'><strong>ll.</strong></span> <span class='ocrx_word' id='word_1_273' title='bbox 956 4111 1002 4158; x_wconf 80' lang='lat' dir='ltr'><strong>re&#39;x</strong></span> <span class='ocrx_word' id='word_1_274' title='bbox 1021 4103 1173 4172; x_wconf 83' lang='lat' dir='ltr'><strong>Persarum,</strong></span> <span class='ocrx_word' id='word_1_275' title='bbox 1200 4107 1245 4178; x_wconf 86' lang='lat' dir='ltr'><strong>qui</strong></span> <span class='ocrx_word' id='word_1_276' title='bbox 1271 4104 1414 4160; x_wconf 82' lang='lat' dir='ltr'><strong>lerusalem</strong></span> 
     </span>
     <span class='ocr_line' id='line_1_37' title="bbox 316 4171 1415 4250; baseline 0.008 -25"><span class='ocrx_word' id='word_1_277' title='bbox 316 4191 341 4226; x_wconf 89' lang='lat' dir='ltr'><strong>a.</strong></span> <span class='ocrx_word' id='word_1_278' title='bbox 361 4171 415 4224; x_wconf 83' lang='lat'><strong>614</strong></span> <span class='ocrx_word' id='word_1_279' title='bbox 435 4184 552 4244; x_wconf 82' lang='lat' dir='ltr'><strong>ceperat,</strong></span> <span class='ocrx_word' id='word_1_280' title='bbox 573 4194 597 4229; x_wconf 87' lang='lat' dir='ltr'><strong>a.</strong></span> <span class='ocrx_word' id='word_1_281' title='bbox 619 4174 672 4228; x_wconf 82' lang='lat'><strong>628</strong></span> <span class='ocrx_word' id='word_1_282' title='bbox 699 4176 803 4230; x_wconf 84' lang='lat' dir='ltr'><strong>occisus</strong></span> <span class='ocrx_word' id='word_1_283' title='bbox 819 4177 865 4244; x_wconf 63' lang='lat' dir='ltr'><strong>fest</strong></span> <span class='ocrx_word' id='word_1_284' title='bbox 890 4179 923 4230; x_wconf 89' lang='lat' dir='ltr'><strong>ab</strong></span> <span class='ocrx_word' id='word_1_285' title='bbox 943 4175 1071 4232; x_wconf 83' lang='lat' dir='ltr'><strong>Heraclio</strong></span> <span class='ocrx_word' id='word_1_286' title='bbox 1092 4177 1220 4234; x_wconf 83' lang='lat' dir='ltr'><strong>Graeciae</strong></span> <span class='ocrx_word' id='word_1_287' title='bbox 1245 4179 1415 4250; x_wconf 84' lang='lat' dir='ltr'><strong>imperatore.</strong></span> 
     </span>
     <span class='ocr_line' id='line_1_38' title="bbox 315 4245 1419 4322; baseline 0.009 -24"><span class='ocrx_word' id='word_1_288' title='bbox 315 4245 342 4319; x_wconf 84' lang='lat'><strong>5)</strong></span> <span class='ocrx_word' id='word_1_289' title='bbox 361 4245 442 4301; x_wconf 85' lang='lat' dir='ltr'><strong>hodie</strong></span> <span class='ocrx_word' id='word_1_290' title='bbox 461 4247 582 4302; x_wconf 79' lang='lat' dir='ltr'><strong>Alrtsclra</strong></span> <span class='ocrx_word' id='word_1_291' title='bbox 605 4247 717 4303; x_wconf 82' lang='lat' dir='ltr'><strong>Srlrehr.</strong></span> <span class='ocrx_word' id='word_1_292' title='bbox 793 4249 818 4322; x_wconf 82' lang='grc'><strong>6)</strong></span> <span class='ocrx_word' id='word_1_293' title='bbox 838 4247 972 4304; x_wconf 84' lang='lat' dir='ltr'><strong>Robcrtns</strong></span> <span class='ocrx_word' id='word_1_294' title='bbox 993 4253 1026 4304; x_wconf 90' lang='lat' dir='ltr'><strong>de</strong></span> <span class='ocrx_word' id='word_1_295' title='bbox 1045 4251 1148 4314; x_wconf 85' lang='lat' dir='ltr'><strong>Monte,</strong></span> <span class='ocrx_word' id='word_1_296' title='bbox 1163 4251 1240 4307; x_wconf 82' lang='lat' dir='ltr'><strong>Mon.</strong></span> <span class='ocrx_word' id='word_1_297' title='bbox 1256 4251 1351 4307; x_wconf 84' lang='lat' dir='ltr'><strong>G.SS.</strong></span> <span class='ocrx_word' id='word_1_298' title='bbox 1368 4250 1419 4308; x_wconf 86' lang='lat' dir='ltr'><strong>Vl.</strong></span> 
     </span>
    </p>
   </div>
   <div class='ocr_carea' id='block_1_5' title="bbox 313 4319 1362 4399">
    <p class='ocr_par' dir='ltr' id='par_1_6' title="bbox 313 4319 1362 4399">
     <span class='ocr_line' id='line_1_39' title="bbox 313 4319 1362 4399; baseline 0.009 -26"><span class='ocrx_word' id='word_1_299' title='bbox 313 4320 405 4375; x_wconf 83' lang='lat' dir='ltr'><strong>itidem</strong></span> <span class='ocrx_word' id='word_1_300' title='bbox 424 4338 447 4374; x_wconf 86' lang='lat' dir='ltr'><strong>a.</strong></span> <span class='ocrx_word' id='word_1_301' title='bbox 471 4319 543 4374; x_wconf 80' lang='lat'>1180</span> <span class='ocrx_word' id='word_1_302' title='bbox 563 4332 654 4377; x_wconf 85' lang='lat' dir='ltr'><strong>narrat</strong></span> <span class='ocrx_word' id='word_1_303' title='bbox 673 4324 706 4376; x_wconf 91' lang='lat' dir='ltr'><strong>de</strong></span> <span class='ocrx_word' id='word_1_304' title='bbox 727 4331 810 4378; x_wconf 86' lang='lat' dir='ltr'><strong>matre</strong></span> <span class='ocrx_word' id='word_1_305' title='bbox 830 4323 934 4378; x_wconf 84' lang='lat' dir='ltr'><strong>soldani</strong></span> <span class='ocrx_word' id='word_1_306' title='bbox 954 4325 989 4378; x_wconf 84' lang='lat' dir='ltr'><strong>de</strong></span> <span class='ocrx_word' id='word_1_307' title='bbox 1008 4323 1101 4378; x_wconf 84' lang='lat' dir='ltr'><strong>leonio</strong></span> <span class='ocrx_word' id='word_1_308' title='bbox 1121 4324 1362 4399; x_wconf 44' lang='lat' dir='ltr'><strong>clam-christiana.</strong></span> 
     </span>
    </p>
   </div>
   <div class='ocr_carea' id='block_1_6' title="bbox 0 0 1572 5014">
    <p class='ocr_par' dir='ltr' id='par_1_7' title="bbox 0 0 1572 5014">
     <span class='ocr_line' id='line_1_40' title="bbox 0 0 1572 5014; baseline 0 0"><span class='ocrx_word' id='word_1_309' title='bbox 0 0 1572 5014; x_wconf 95' lang='lat' dir='ltr'><strong> </strong></span> 
     </span>
    </p>
   </div>
  </div>
 </body>
</html>
