3116 5014
181 405 390 548 Asnaum
413 472 655 546 CHRONICA
681 469 946 546 SLAVORUM.
989 471 1074 546 LlB.
1098 473 1139 545 ΙΙ.
1192 475 1239 548 63

219 678 278 750 21.
296 675 351 749 De
368 672 556 747 obsidione
574 675 727 746 civitatis
745 674 791 745 ab
809 677 1035 768 imperatore.
1078 670 1331 772 imperi-nsi.
1398 678 1400 681 ’
1507 677 1509 682 ’

139 788 346 850 torentem
369 775 525 848 transito
548 772 701 847 flumine
720 774 824 846 venit
840 775 1006 874 Lubeke,
1027 787 1063 848 et
1081 777 1241 848 occurrit

143 878 178 952 ei
203 877 390 950 exercitus
409 876 627 952 sclavorum
655 887 692 948 et
718 876 986 950 Holtsatorum.
1029 879 1240 951 Waldema·

120 1003 206 1053 'rus
227 1002 374 1076 quoque
393 1001 459 1050 rex
477 979 668 1051 Danorum
689 1001 773 1049 cum
794 977 911 1050 multa
931 978 1055 1051 classe
1074 979 1176 1051 venit
1194 981 1238 1051 ud
1298 1051 1301 1058 ,

142 1080 282 1154 ostium
296 1081 476 1174 Travene,
496 1089 533 1150 et
551 1081 709 1151 obsessa
726 1089 785 1152 est
799 1077 928 1151 civitas
946 1089 1043 1150 terre
1059 1079 1239 1176 marique.

110 1259 113 1267 ,
140 1180 351 1253 incivitate
375 1203 465 1252 vero
491 1189 598 1252 erant
617 1179 746 1252 Simon
772 1203 899 1252 comes
920 1182 965 1252 de
989 1179 1239 1276 Tekeneburg

143 1292 181 1354 et
194 1281 407 1354 Bernardus
423 1304 552 1352 comes
568 1283 613 1354 de
627 1279 865 1378 Aldenburg¹
886 1291 923 1353 et
937 1280 1141 1379 equivocus
1159 1281 1240 1355 eius

142 1406 269 1456 comes
296 1383 341 1454 de
366 1381 512 1479 Wile'pe
548 1405 633 1453 cum
659 1383 850 1454 Marcrudo
879 1383 1046 1480 prefecto
1070 1383 1240 1454 Holzato·

138 1507 222 1556 rum
250 1493 288 1556 et
305 1483 494 1556 Emecone
523 1484 568 1554 de
588 1481 772 1555 Nemore²
800 1506 884 1554 cum
909 1484 1130 1580 quibusdam
1153 1484 1239 1555 Hol-

139 1584 232 1657 zatis
268 1583 542 1656 strenuissimis
578 1593 614 1656 et
650 1583 885 1656 multitudine
916 1582 1058 1656 infinite
1091 1583 1239 1656 civium.

136 1685 218 1758 Rex
237 1709 326 1758 vero
346 1685 608 1758 Waldemarus
635 1709 721 1756 cum
746 1685 863 1758 multo
884 1685 1060 1758 comitatu
1080 1685 1238 1758 veniens
1272 1735 1273 1738 =

139 1786 176 1858 in
210 1787 441 1884 presentiam
479 1785 737 1882 imperatoriS,
770 1809 855 1858 oum
891 1811 1030 1883 magna
1062 1785 1238 1860 iactantia

45 1945 47 1951 ι
140 1886 259 1984 glorie
287 1912 355 1961 sue
381 1886 415 1958 ei
439 1911 481 1959 sc
503 1886 668 1960 exhibuit
694 1897 732 1958 et
752 1887 865 1960 filiam
887 1911 993 1960 suam
1012 1885 1088 1960 filio
1107 1887 1239 1986 ipsius,

141 1987 224 2062 duci
243 1987 418 2062 videlicet
441 1985 616 2084 Suevie³,
641 1989 897 2086 desponsavit,
918 1999 954 2060 et
973 1989 1238 2087 episcoporum

140 2089 363 2162 iuramentis
382 2088 529 2162 firmata
557 2099 644 2162 sunt
668 2099 906 2162 sacramento
935 2090 1155 2186 coniugalia.
1198 2091 1240 2162 ln

139 2190 225 2289 ipso
257 2201 382 2264 autem
413 2200 585 2288 tempore
617 2189 819 2264 obsidionis
851 2192 1010 2264 domnus
1042 2192 1240 2294 Heinricus

142 2292 398 2390 episcopusin
420 2292 568 2364 civitate
585 2295 809 2364 constitutus
830 2301 1054 2388 erat,'quem
1070 2291 1242 2364 adierunt
1306 2367 1308 2374 ,

142 2397 354 2490 burgenses
375 2393 563 2466 dicentes:
598 2393 786 2488 Ropamas
803 2394 1031 2464 sanctitatem
1049 2399 1162 2487 taam,
1185 2415 1239 2464 rc-

142 2493 397 2566 verendissime
407 2501 570 2588 patrum,
589 2499 631 2564 at
641 2491 693 2565 ad
706 2491 880 2566 domnam
890 2495 1148 2585 imperatorem
1161 2517 1239 2565 ere-

144 2599 218 2668 atis
236 2602 271 2668 ct
286 2597 317 2667 ei
334 2595 451 2667 verbis
469 2596 604 2666 nostris
622 2593 776 2666 dicatis:
812 2593 1000 2690 „Domine,
1019 2596 1113 2666 servi
1129 2597 1240 2666 vestri

140 2719 279 2792 sumas,
298 2698 532 2788 imperatorie
548 2698 731 2768 maiestati
750 2701 863 2768 vestre
888 2697 1021 2768 servire
1033 2698 1163 2788 parati
1177 2719 1239 2768 sa·

140 2821 246 2891 mas,·
272 2795 337 2870 sed
360 2795 448 2894 qaid
474 2799 730 2892 commisimus,
756 2795 855 2893 qaod
877 2803 983 2868 tanta
1010 2796 1196 2869 obsidione
1215 2821 1239 2868 a

129 2898 244 2971 -aobis
270 2897 431 2970 conclusi
456 2897 606 2970 sumas?
649 2898 837 2970 Civitatem
866 2901 976 2971 istam
999 2898 1172 2970 hactenus
1197 2922 1241 2971 ea
1354 2951 1357 2958 ‚

141 3001 385 3089 munificentia
409 2998 547 3071 domini
568 3001 686 3072 nostri
701 2999 863 3087 Heinrici
881 2998 983 3071 dacis
994 2998 1239 3096 possidemus,

139 3123 256 3197 ,qaam
274 3103 382 3173 etiam
400 3099 450 3171 ad
467 3100 641 3173 bonorem
654 3099 721 3171 Dei
739 3107 774 3172 et
787 3101 902 3172 robur
916 3099 1189 3172 christianitatis
1202 3102 1240 3172 ia

52 3211 55 3220 '
143 3201 226 3274 loco
247 3200 316 3274 boc
339 3201 505 3273 borroris
527 3208 563 3273 et
580 3208 680 3273 caste
699 3199 906 3273 solitudinis
925 3200 1183 3296 edificavimus,
1202 3201 1240 3272 in

144 3325 220 3398 aaa
238 3309 281 3375 at
295 3325 486 3396 speramus
504 3326 599 3374 nanc
615 3301 796 3374 habitatio
809 3301 888 3397 Dei,
906 3300 971 3374 sed
983 3304 1090 3395 prins
1104 3325 1171 3396 per
1185 3324 1251 3377 cr·.

141 3425 265 3475 rorem
285 3402 496 3498 pentilitatis
515 3402 617 3474 sedes
640 3401 803 3475 Satbanc
820 3405 903 3490 fait.
948 3403 1056 3476 Hanc
1068 3405 1184 3499 ipitar
1202 3405 1240 3476 in

142 3527 277 3577 manas
293 3511 434 3578 vestras
451 3528 525 3578 non
543 3503 742 3599 trademus,
761 3502 825 3576 sed
843 3506 918 3578 eins
936 3505 1136 3577 libertatem
1155 3506 1239 3577 oiri-

142 3605 210 3678 bns
236 3613 271 3678 et
288 3608 413 3702 armis,
438 3612 615 3702 quantam
626 3629 838 3702 possamus,
863 3607 1149 3678 constantissime
1166 3611 1241 3676 tae-

144 3705 271 3787 bimar.
307 3707 389 3779 Hoc
407 3713 528 3779 tamen
546 3731 721 3803 ropamas
739 3705 840 3801 apud
861 3709 1165 3802 mapnificentiam
1182 3729 1242 3778 oe·

143 3813 272 3904 stram,
296 3806 446 3880 atdata
465 3805 680 3881 occasione4
692 3811 811 3904 pacis,
839 3830 964 3881 eamus
983 3805 1034 3880 ad
1051 3805 1239 3880 dominam

142 3915 308 3982 nostram
329 3907 468 4005 dacem,
489 3912 763 4004 percunctatari
784 3909 831 3981 ab
850 3933 904 4005 eo,
931 3905 1019 4006 qaid
1036 3911 1086 3980 sit
1101 3909 1242 3995 facien-

143 4044 167 4115 1)
188 4042 348 4114 Oldeuburg
367 4045 395 4097 in
406 4045 506 4102 Fresia.
581 4047 607 4116 2)
629 4044 730 4099 Emeco
744 4062 806 4110 non,
826 4055 856 4099 ut
871 4046 996 4116 opinetur
1009 4043 1129 4114 Bbttiger
1144 4061 1170 4113 p.
1185 4041 1239 4095 372

140 4127 207 4183 not,
228 4121 262 4172 de
282 4115 438 4172 Numerone
458 4121 486 4172 in
499 4123 598 4173 ducatu
614 4117 794 4188 Meblenburg
810 4119 893 4172 fuisse
906 4119 1019 4181 videtur,
1036 4119 1082 4172 sed
1097 4121 1131 4172 de
1146 4115 1237 4182 fluite,

139 4199 219 4260 gente
238 4189 387 4256 Homerica,
414 4193 489 4245 cuius
515 4193 677 4246 mentionem
704 4193 768 4247 iecit
791 4193 881 4247 charta
901 4193 928 4246 in
949 4191 1048 4246 Hemb.
1066 4189 1098 4246 U.
1119 4191 1150 4246 B.
1170 4190 1191 4254 l,
1210 4209 1239 4244 n.

138 4263 202 4320 610.
279 4264 305 4334 3>
326 4261 471 4318 Friderico.
553 4265 579 4338 4)
600 4265 751 4330 occasione,
771 4267 788 4322 i.
808 4284 831 4321 e.
852 4265 1013 4331 conditione,
1040 4284 1063 4321 v.
1082 4265 1163 4320 inire:
1189 4280 1238 4318 ac-

137 4341 212 4406 cepto
232 4341 361 4394 conducta
379 4341 507 4396 abierant.
774 4352 775 4355 ’
