3116 5014
329 497 542 572 ARNOLDI
570 498 815 573 CHRONICA
841 499 1108 578 SLAVORUM.
1244 509 1286 602 5Ι

172 698 351 772 nonnulla
365 698 523 774 tradidit
536 699 607 789 fide
614 724 773 793 4444444
787 661 971 798 destituta,
986 701 1094 775 444444
1108 701 1268 776 duellum

172 801 210 871 iu
212 806 264 872 444
280 799 489 916 1444444444
517 825 534 872 4
536 799 752 918 4Η4444444
739 814 776 875 444
803 801 991 875 obsidione
1017 803 1118 876 urbis
1134 803 1269 878 Anibbe
1312 859 1315 864 -

171 904 408 974 commissum
434 907 469 974 et
492 925 539 974 no
541 904 720 974 tissimum
743 901 847 974 ittam
874 900 918 974 de
935 903 1108 976 Η44444444
1133 907 1267 1002 primo,

53 1014 56 1017 ’
171 1024 255 1096 4444
273 1005 408 1097 avium,
426 1005 677 1074 narrationem
696 1001 748 1075 ad
765 1000 929 1076 Heinrici
945 1005 966 1076 1
970 1003 1046 1076 V
1030 1010 1195 1097 tempora
1213 1029 1268 1078 re·

172 1099 229 1174 444
213 1108 290 1174 tam
315 1101 360 1174 de
383 1101 527 1175 aemulo
552 1102 753 1200 quodam
740 1107 891 1196 imperii.
953 1105 1132 1191 Conferas
1158 1108 1268 1178 etiam

172 1200 272 1298 quod
288 1201 398 1274 babet
413 1201 457 1275 de
472 1201 795 1302 Tbomaepisoopo
807 1205 1062 1277 Cantauriensi
1079 1204 1102 1277 4.
1117 1205 1145 1276 J.
1162 1231 1190 1278 4.
1210 1211 1267 1300 14,

171 1305 269 1374 sicut
278 1305 387 1375 etium
401 1303 583 1376 miracuta
597 1303 780 1400 quaedam
794 1307 962 1378 narrauit
976 1313 1012 1378 44
1028 1307 1065 1377 44
1080 1305 1164 1378 44444
1178 1329 1267 1402 quo·

171 1425 239 1498 que
255 1403 464 1489 fabulosius
491 1408 646 1498 4444444.
700 1405 821 1477 Minor
844 1428 986 1502 quoque
1011 1405 1101 1494 fides
1128 1409 1178 1478 eis
1202 1405 1267 1478 444-

172 1503 303 1598 44444,
322 1527 416 1600 quae
434 1503 480 1576 de
497 1508 604 1578 terris
622 1505 767 1601 4444444
783 1509 944 1602 44444444,
969 1509 1077 1579 etiam
1093 1505 1141 1578 de
1157 1510 1268 1602 444444

171 1605 434 1697 imperatorum
447 1605 593 1678 44444444.
611 1607 653 1678 44
666 1605 722 1678 444
735 1609 829 1678 euim
839 1613 875 1679 et
883 1629 958 1679 uon
965 1629 1111 1700 444444
1125 1631 1269 1679 4444444

172 1707 281 1778 etiam
296 1707 487 1800 444444444
505 1709 695 1802 commisit,
717 1704 812 1779 44444
838 1705 882 1779 de
899 1704 1077 1779 Frideriei
1099 1707 1208 1780 rebus
1231 1731 1266 1780 a.

174 1809 270 1880 1176
287 1809 408 1902 uestis,
428 1804 473 1880 de
491 1809 595 1879 curia
613 1832 647 1879 a.
671 1811 767 1882 1184
786 1805 997 1904 4444444444
1015 1807 1142 1880 444444
1160 1815 1269 1881 44444

171 1912 293 2001 444444
312 1906 454 1980 4444444
472 1914 582 2004 atque
598 1909 849 1980 inaccuratius
876 1911 1051 2001 esposuit.
1104 1909 1268 1981 4444444

173 2005 263 2078 44444
281 2010 391 2080 etiam
407 2011 445 2080 in
458 2007 513 2080 4444
521 2031 618 2102 4444
631 2011 757 2081 4444444
770 2006 860 2098 fides
878 2011 910 2081 ei
922 2007 1092 2081 habenda
1107 2016 1179 2104 444,·
1198 2011 1266 2096 afr.

171 2107 194 2178 4.
222 2106 289 2179 VII.
310 2133 339 2180 4.
360 2110 417 2205 12,
434 2113 513 2181 44
540 2107 706 2182 Attamen
719 2111 855 2181 summi
873 2112 1044 2182 momenti
1061 2116 1156 2226 44444,
1174 2133 1269 2206 quae

107 2215 120 2226 “
173 2207 221 2280 44
240 2211 368 2281 amieis
386 2165 421 2281 44
435 2209 686 2320 familiaribus
704 2217 868 2303 44444444
866 2233 890 2280 4
852 2209 1037 2287 44444444
1059 2209 1153 2281 de
1122 2234 1172 2282 444
1190 2213 1267 2330 qui·

89 2319 96 2326 ·
174 2309 312 2381 4444
257 2332 294 2380 m
296 2311 548 2396 erfuerunt
524 2316 559 2382 e
543 2309 784 2383 4444444444
771 2313 931 2382 inseruit.
1000 2309 1145 2381 Videtur
1172 2312 1266 2381 enim

173 2409 266 2481 mult
250 2416 289 2481 44
315 2433 359 2482 en
385 2413 435 2482 eis
465 2433 559 2506 4444
591 2409 635 2481 de
652 2409 823 2482 Η44444444
851 2411 968 2481 44444
992 2408 1117 2481 retulit
1140 2409 1269 2481 debere

172 2509 242 2581 Η44
230 2513 345 2582 444444
365 2513 533 2604 44444444
551 2511 751 2606 444444444,
779 2534 861 2582 eum
878 2517 1065 2603 praeesset
1051 2515 1267 2582 tmonaste·

173 2613 229 2681 444
250 2609 287 2681 S.
298 2609 439 2704 41444444
453 2610 730 2706 444444444444,
749 2609 878 2682 ducem
895 2613 933 2682 in
951 2611 1139 2682 itineribus
1157 2613 1267 2683 eomi-

172 2716 263 2806 4444,
282 2711 397 2784 muita
416 2711 627 2783 Conradum
646 2715 853 2806 4444444444
869 2711 1113 2827 4444444444,
1135 2716 1267 2805 444444

174 2809 393 2884 Friderici
380 2815 612 2905 imperatoris
632 2811 893 2898 cancellarium
912 2818 945 2883 44
964 2814 1171 2904 episcopum
1188 2810 1267 2883 4444-

173 2909 451 3029 4444444444444,
483 2915 770 2985 'communicasse
807 2936 930 2984 seeum
960 2915 1036 3003 4444
1062 2915 1211 3005 4444444
1177 2935 1265 3010 444.Ι

174 3013 338 3084 Tamen
326 3035 363 3084 m
381 3015 425 3084 444
443 3035 584 3109 quoque
597 3037 691 3110 quae
709 3011 761 3085 ad
775 3005 939 3086 Η44444444
951 3013 1082 3084 Leonis
1099 3035 1267 3085 suorum·

173 3135 242 3210 que
259 3136 318 3186 res
331 3137 399 3206 444
400 3115 514 3186 tinent
536 3137 560 3184 a
562 3120 643 3211 tque
668 3116 706 3186 44
732 3113 839 3184 44444
865 3119 943 3205 4444
943 3119 1002 3184 444
928 3112 1243 3185 444444444444
1227 3136 1268 3186 m
1388 3193 1392 3200 .

173 3212 394 3310 quibusdam
408 3217 547 3286 errauit
544 3217 602 3308 ,44
531 3212 701 3286 taliis
719 3215 969 3285 inaccuratius
982 3215 1168 3306 exposuit,-
1183 3236 1268 3284 4444-

110 3319 112 3323 ’
172 3313 231 3400 fer
250 3312 294 3384 de
313 3313 500 3386 obsidione
509 3313 799 3386 Hoidestebeni
812 3314 857 3385 ΙΙ.
879 3338 908 3384 4.
925 3319 965 3386 11
949 3309 1046 3406 1,444
1065 3312 1157 3385 44444
1176 3315 1269 3385 inter

172 3413 354 3486 Duuoset
370 3413 503 3486 Slauos
519 3422 596 3509 4444
583 3413 661 3487 4.44
680 3415 783 3486 ute
786 3419 843 3486 ‚7
903 3410 1243 3510 Expeditionibus
1230 3437 1269 3485 m

171 3520 310 3586 terram
334 3538 426 3586 sane
427 3521 502 3586 tam
530 3539 554 3586 4
571 3512 759 3587 Friderioo
777 3515 861 3586 4.44
881 3513 1054 3586 Η4444444
1079 3502 1130 3586 VJ.
1155 3515 1269 3600 foetis

174 3637 255 3688 eum
272 3613 434 3732 Adolfus
449 3639 569 3688 comes
586 3615 790 3711 Holsatiae,
809 3613 1027 3708 444444444444
1036 3613 1199 3687 4444444444
1214 3612 1266 3686 Vt
1369 3657 1372 3663 -

174 3738 256 3786 oum
274 3719 348 3789 400
366 3718 434 3788 4444
428 3716 666 3788 4444444444
685 3715 884 3811 adfuerint
860 3715 1007 3788 thaud
1017 3717 1188 3809 profecto
1208 3713 1268 3786 de·

49 3910 52 3914 ,
172 3818 326 3903 fuerunt
340 3839 401 3914 qui
396 3817 545 3889 abbati
563 3841 621 3889 res
639 3816 689 3888 ibi
705 3822 785 3911 4444
784 3841 827 3888 44
848 3819 1029 3904 referrent
1051 3821 1120 3887 aut
1143 3813 1268 3886 diaria

171 3938 244 3988 suu
262 3923 298 3988 et
311 3941 359 3990 no
362 3923 443 3989 tata
462 3913 590 3990 444444
596 3919 672 3990 4444
689 3917 914 3990 subiicerent.
941 3917 1060 3988 Euius
1066 3915 1269 4032 444444444

172 4039 267 4113 quae
286 4016 359 4090 de
346 4020 461 4134 444444
478 4017 599 4106 Adotfi
626 4020 768 4090 comitis
795 4024 875 4093 4.1
859 4019 955 4091 1196
981 4021 1061 4110 qest
1060 4017 1092 4086 44
1114 4037 1268 4104 444444-

171 4119 310 4189 tissime
328 4121 527 4214 44444444,4
460 4118 659 4190 ttestibus
678 4117 833 4190 oculatis
860 4140 941 4188 eum
966 4137 1074 4186 usum
1101 4139 1177 4187 esse
1203 4139 1268 4207 44-

164 4225 286 4311 444444,
263 4219 476 4292 tTamen
463 4243 501 4292 444
518 4218 682 4320 sinuatis,
700 4241 795 4316 quae
810 4216 955 4312 44444444
973 4221 1028 4288 444
1043 4238 1266 4311 enumerare,

124 4324 207 4390 44
221 4319 367 4392 inscitia
385 4327 421 4392 44
434 4313 684 4393 444444444444
703 4316 913 4412 exponendo
933 4340 1075 4390 4444444
1083 4316 1286 4410 plurimos
