3116 5014
324 441 373 511 34
425 431 635 506 annotet
662 427 903 502 CHRONICA
926 426 1195 500 SLAVORUM.
1240 425 1327 499 [ΑΒ.
1346 425 1373 498 1.
1417 539 1422 546 .

325 637 423 712 beati
442 629 633 708 Benedicti
654 637 938 718 conversantur„
957 627 1115 702 celibem
1135 627 1251 700 vitam
1272 626 1429 698 actitan-

324 749 394 811 tes.
423 735 505 823 Quo
524 755 611 808 eum
630 741 803 827 tempore
822 728 1029 800 meridiano
1049 729 1086 801 in
1105 729 1212 801 lectis
1228 731 1430 801 decumbe·

324 848 422 922 rent„
440 832 526 908 ida1
550 833 711 930 quedam
735 827 1001 928 probatissime
1020 827 1333 924 conversationis,
1355 851 1429 925 que
1537 895 1538 900 ,

325 927 457 1037 postea
485 935 522 1006 in
548 929 831 1028 Waltingerod²
860 930 1049 1002 abbatissa
1080 929 1265 1002 destinata
1294 939 1365 1024 est,
1391 937 1432 999 et

325 1039 447 1138 prima
467 1035 603 1108 ibidem
625 1032 852 1104 feminarum
873 1031 1208 1126 congregationem
1232 1028 1340 1125 rexit,
1367 1029 1431 1100 ubi

329 1141 441 1212 etiam
456 1139 567 1208 beato
586 1133 661 1206 [ine
679 1131 833 1230 quievit,
852 1155 1012 1228 sompno
1030 1133 1214 1228 depressa
1230 1131 1267 1202 in
1283 1129 1432 1202 visione
1516 1225 1519 1232 Ι

235 1277 238 1282 ·
329 1239 395 1314 Dei
424 1237 515 1309 vidit
540 1257 693 1307 omnem
719 1232 1053 1330 congregationem
1082 1255 1253 1304 sororum
1274 1253 1431 1302 suarum

329 1342 366 1412 in
399 1339 512 1412 choro
549 1334 794 1408 devotissime
826 1333 1009 1406 assistere
1045 1343 1081 1405 et
1117 1333 1152 1403 in
1187 1331 1434 1429 susceptione

330 1440 524 1513 cuiusdam
558 1434 725 1534 episcopi
759 1459 843 1510 cum
873 1433 987 1506 nimia
1020 1433 1123 1505 vocis
1151 1431 1342 1506 alacritate
1369 1433 1435 1503 de-

332 1549 484 1614 cantare
499 1566 506 1609 :

440 1673 523 1746 Vere
541 1671 681 1759 felicem
695 1669 890 1766 presulem,
909 1693 989 1742 vere
1007 1667 1091 1758 fidei
1110 1667 1305 1742 doctorem.

407 1793 514 1880 Quod
535 1814 619 1862 cum
639 1789 909 1862 iucundissime
929 1797 1190 1884 percantatum
1208 1787 1355 1884 fuisset,
1374 1785 1435 1858 vir

334 1891 482 1990 quidam
502 1901 600 1962 etate
620 1891 873 1986 venerandus,
892 1912 1056 1986 persona
1071 1887 1285 1984 religiosus,
1304 1911 1436 1960 acces·

334 1993 382 2066 sit
406 1995 451 2068 ad
480 1993 686 2064 fenestram
708 1989 823 2086 chori‚
851 1989 911 2062 ubi
931 1988 1145 2060 communio
1165 1988 1294 2062 diebus
1315 1987 1433 2062 domi·

333 2091 427 2172 nicis
448 2092 502 2164 eis
522 2089 736 2189 porrigitur,
764 2101 800 2161 et
819 2089 910 2162 dixit
928 2093 972 2162 ad
993 2113 1079 2162 eas:
1122 2087 1206 2162 Non
1220 2093 1345 2184 pipeat
1367 2113 1435 2162 vos

333 2197 541 2288 episcopum
568 2195 677 2264 istum
698 2193 931 2287 peregrinum
965 2191 1064 2288 omni
1092 2193 1290 2262 reverentia
1316 2193 1430 2262 susci·

329 2318 417 2388 pere
435 2295 602 2388 oninique
620 2294 756 2380 effectu
774 2294 811 2363 in
829 2290 996 2363 omnibus
1014 2293 1045 2362 ei
1063 2293 1330 2380 officiosissime
1346 2290 1430 2362 sub·

333 2397 478 2490 servire,
497 2395 666 2488 *scientes
694 2395 781 2488 quia
807 2389 907 2488 quod
932 2393 969 2463 in
995 2393 1220 2484 susceptione
1237 2394 1351 2486 ipsius
1370 2390 1431 2464 de·

334 2496 524 2588 cantastis
542 2493 644 2564 vobis
658 2491 830 2564 divinitus
846 2491 990 2588 quidem
1005 2497 1198 2587 ostensum,
1212 2491 1278 2564 sed
1292 2491 1336 2564 de
1349 2494 1429 2588 ipso

333 2595 509 2666 veraciter
526 2599 581 2664 est
596 2591 742 2662 dietum.
777 2591 858 2684 lpse
877 2594 1004 2663 etenim
1027 2598 1171 2664 estvere
1188 2591 1278 2679 felia
1290 2591 1430 2688 presul7
1537 2671 1538 2696 p

335 2701 370 2766 et
391 2716 470 2764 vere
488 2691 572 2782 fidei
590 2691 728 2764 doctor.
775 2687 944 2788 Cumque
965 2690 1184 2788 evigilasset
1203 2692 1299 2766 dicta
1318 2718 1434 2790 nona,

334 2792 499 2865 narravit
526 2791 717 2866 sororibus
743 2795 840 2888 quod
860 2793 1017 2888 viderat7
1042 2803 1080 2864 et
1098 2792 1222 2866 statim
1249 2793 1352 2866 venit
1372 2795 1434 2891 qui

334 2893 488 2990 diceret,
515 2892 734 2991 episcopum
768 2894 955 2990 quendam
981 2893 1025 2964 ad
1054 2893 1319 2991 hospitandum
1343 2895 1432 2966 illuc

333 2992 544 3066 divertisse.
581 2992 791 3068 Certificate
810 2992 923 3089 igitur
941 2996 986 3066 de
1005 2995 1170 3090 oraculQ
1189 2996 1268 3068 Deo
1289 2995 1434 3092 gratias

332 3094 542 3176 referentes
561 3097 757 3191 rogabant,
776 3103 816 3166 ut
834 3119 898 3166 eas
918 3093 1046 3166 videre
1066 3095 1295 3190 dignaretun
1315 3105 1354 3168 ut
1370 3121 1434 3168 ex-

331 3194 553 3268 hortationis
581 3199 739 3266 verbum
768 3219 813 3268 ex
841 3219 905 3266 ore
933 3195 1014 3268 eius
1034 3195 1162 3270 audire
1182 3207 1433 3268 mererentur.
1468 3251 1474 3258 .

332 3295 403 3382 Qui
416 3294 573 3368 veniens
588 3297 632 3368 ad
650 3319 728 3391 eas,
744 3295 1205 3391 utdeside1·averant‚hoo
1225 3297 1261 3370 in
1278 3297 1431 3368 exordio

332 3394 518 3470 sermonis
538 3395 684 3468 habuit:
719 3393 825 3468 Sicut
840 3395 956 3468 lilium
972 3399 1063 3468 inter
1076 3399 1215 3492 spinae
1232 3399 1285 3468 sie
1306 3399 1431 3470 amico

305 3518 412 3566 mea
432 3497 525 3568 inter
543 3493 670 3584 filiae.
714 3497 755 3568 lu
777 3519 850 3594 quo
884 3520 968 3568 cum
992 3497 1106 3570 multa
1130 3499 1176 3570 de
1201 3497 1372 3570 castitate
1392 3507 1430 3570 et

328 3593 543 3668 innocentia
557 3595 646 3692 vite7
666 3620 737 3693 que
762 3599 806 3667 ad
831 3595 1105 3671 edificationem
1122 3621 1251 3672 earum
1266 3597 1430 3696 pertine·

329 3763 486 3818 monialium
505 3761 728 3820 cisterciensium
754 3767 824 3820 inter
847 3765 1000 3824 Erlordiam
1028 3777 1055 3824 et
1077 3769 1209 3825 Arnstadt
1234 3769 1326 3836 situm,
1350 3771 1430 3824 cuius·

327 3836 513 3892 fundationem
532 3856 556 3894 a.
577 3838 648 3892 1147
669 3841 695 3894 d.
706 3838 807 3910 Aprilis
819 3839 865 3896 24.
887 3839 1028 3896 Corradus
1048 3859 1094 3896 rex
1113 3841 1292 3908 confirmavin
1310 3841 1428 3908 nldein,

320 3905 473 3984 ,Thuringia
493 3927 567 3966 sacra
588 3910 610 3982 1,
629 3931 657 3966 n.
679 3913 704 3966 1.
798 3911 822 3978 1)
841 3911 1034 3970 videturesse
1054 3933 1124 3988 quae
1142 3917 1170 3970 iu
1190 3917 1290 3971 necrol.
1311 3926 1425 3970 monast.

326 3979 488 4049 (zeitschrift
508 3987 533 4038 d.
553 3980 735 4039 niedersdchs.
754 3981 870 4040 Vereins
891 3985 972 4060 1851)
992 3991 1018 4042 d.
1034 3987 1061 4042 4.
1072 3985 1137 4043 Mai.
1156 3989 1282 4060 inscripta
1303 3999 1351 4054 est,
1371 4005 1425 4042 ne-

325 4065 380 4123 que
397 4069 460 4108 vero
479 4053 528 4108 lde
547 4057 682 4112 abbatissa
700 4059 819 4113 secunda
839 4068 943 4116 nonus
963 4061 990 4114 d.
1008 4057 1089 4116 Mart.
1107 4062 1135 4116 2.
1234 4063 1261 4132 2)
1281 4061 1427 4117 Menoete-

323 4123 394 4194 rium
413 4127 569 4190 monialium
590 4127 809 4188 Cirtercieosium
835 4149 918 4204 prope
938 4132 1088 4190 Goslariam
1110 4153 1133 4190 a.
1156 4133 1227 4188 1174
1246 4135 1387 4190 fundatum
1408 4151 1422 4191 ι

1536 2551 1538 2636 l

324 4197 453 4252 fratribus
472 4197 597 4264 ludolfo,
618 4201 737 4274 Hogero,
757 4203 916 4261 Burcbardo
936 4205 1195 4279 deWaitingerodc.
1271 4207 1297 4280 3)
1318 4205 1427 4262 Cautio.¹
1532 4265 1534 4272 ,

324 4267 428 4326 Cautio.
447 4271 474 4337 2,
494 4273 522 4326 2.
