3116 5014
293 470 359 558 ‘ao
410 465 619 542 arnouor
647 464 888 541 ennomus
915 461 1180 542 suavonuu.
1220 461 1305 534 no.
1329 459 1354 534 r.

215 669 443 745 nefastum
464 662 675 742 divitiarum
702 691 855 742 suarum
880 666 1150 766 imperatorem
1170 687 1212 738 se
1236 661 1406 736 nominat

307 813 352 826 --
375 793 487 868 quam
507 779 635 843 tamen
662 767 882 867 dignitatem
906 766 1205 860 aConstantino,
1233 763 1405 838 eiusdem

177 907 178 912 ¹
308 868 1152 966 civitatisfundatore,traxerat-utosculum
1168 862 1403 940 salutationis

307 973 396 1048 nulli
412 971 562 1068 offerat,
580 975 647 1046 sed
663 973 874 1069 quicunque
888 969 1024 1043 faciem
1040 969 1120 1042 eius
1139 967 1267 1040 videre
1283 989 1404 1040 mere-

306 1085 379 1171 tur,
406 1073 624 1147 incurvatus
651 1097 775 1170 genua
797 1073 877 1145 eius
903 1070 1103 1144 osculatur.
1140 1068 1246 1157 Quod
1267 1069 1405 1142 Conra-

307 1178 377 1250 dus
402 1199 469 1248 rex
494 1177 540 1248 ob
565 1175 750 1248 honorem
768 1172 928 1246 Rotnani
954 1171 1100 1271 imperii
1125 1169 1277 1244 omnino
1303 1171 1404 1242 dete·

203 1315 205 1322 ·
306 1280 484 1350 stabatur.
523 1277 694 1374 Cumque
718 1269 785 1348 reor
809 1274 1014 1348 Grecorum
1038 1273 1075 1344 in
1094 1273 1167 1345 hoc
1190 1269 1404 1370 consensis·

307 1387 378 1472 set,
406 1387 445 1450 ut
470 1377 643 1452 osculum
669 1376 703 1450 ei
731 1375 953 1475 porrigeret,
984 1373 1066 1473 ipso
1086 1383 1214 1446 tamen
1234 1374 1404 1463 sedente,

306 1501 378 1552 nec
394 1477 469 1550 hoc
487 1477 659 1551 Conrado
678 1477 760 1575 regi
779 1477 928 1576 placuit.
967 1476 1134 1548 Tandem
1155 1471 1403 1572 sapientiores

308 1604 355 1652 ex
384 1589 542 1676 utraque
576 1589 684 1678 parte
715 1579 789 1652 hoc
822 1576 1019 1651 consilium
1056 1577 1258 1670 dederunt,
1295 1584 1335 1646 ut
1364 1572 1401 1644 in

308 1681 414 1778 equis
441 1703 484 1753 se
508 1679 693 1777 viderent,
719 1690 757 1752 et
782 1680 832 1752 ita
853 1703 898 1752 ex
927 1677 1110 1776 parilitate
1134 1675 1403 1750 convenientes
1548 1753 1549 1762 χ

307 1782 473 1854 sedendo
493 1804 536 1853 se
556 1791 594 1854 et
611 1780 815 1854 osculando
836 1779 1052 1852 salutarent.
1081 1777 1187 1866 Quod
1212 1788 1248 1850 et
1264 1777 1404 1848 lactum
1479 1783 1482 1788 “

309 1892 378 1956 est.
407 1882 563 1980 Propter
580 1882 679 1955 hanc
697 1881 810 1978 igitur
828 1905 981 1954 causam
1000 1880 1062 1954 vel
1081 1878 1168 1978 qnia
1189 1878 1296 1950 vires.
1309 1877 1403 1950 Teu-

306 1981 515 2056 tonicorum
543 1981 741 2078 timebant,
768 2006 920 2055 omnem
948 1981 1154 2066 exercitum
1173 1980 1277 2053 illum
1297 1999 1404 2076 pere-

307 2085 456 2181 grinum
485 2082 595 2156 Greci
621 2083 873 2179 tradiderunt,
899 2082 1106 2156 miscentes
1135 2080 1188 2154 eis
1213 2101 1403 2153 venenum

307 2185 344 2258 iu
365 2185 533 2258 fontibus
544 2195 580 2257 et
598 2187 839 2258 traducentes
856 2207 921 2258 eos
935 2184 973 2256 in
987 2182 1286 2258 horridissimam
1301 2181 1402 2254 illam

308 2285 558 2360 solitudinem.
594 2287 640 2359 Et
655 2285 711 2359 sic
728 2285 867 2360 misero
885 2284 961 2359 fine
979 2283 1156 2358 immanis
1174 2284 1236 2356 illa
1255 2280 1404 2380 expedi-

307 2389 358 2460 tio
378 2388 500 2462 soluta
520 2397 588 2460 est.
766 2466 771 2477 ‚

380 2489 463 2560 Dux
481 2498 608 2560 autem
628 2489 837 2586 procedens
849 2489 951 2562 venit
966 2491 1011 2562 ad
1032 2510 1166 2560 nemus
1183 2485 1402 2576 maximum,

308 2592 406 2686 quod
432 2587 560 2662 dividit
582 2598 724 2660 terram
742 2589 948 2663 Tuscorum
975 2591 1013 2662 e't
1032 2589 1250 2661 Grecornm.
1295 2583 1401 2672 Quod

306 2689 428 2762 triduo
444 2712 529 2762 cnm
545 2688 762 2763 difficultate
776 2690 965 2764 transiens
978 2690 1081 2762 veuit
1095 2692 1141 2762 ad
1156 2691 1286 2760 orbern
1301 2685 1403 2782 regis

309 2791 442 2865 Grecis
474 2815 546 2890 que
578 2791 710 2864 dicitur
741 2792 937 2864 castellum
967 2790 1286 2880 Alamannorum,
1317 2786 1403 2882 quia

309 2917 394 2965 earn
420 2895 493 2965 dux
512 2892 735 2966 Go'defridus
768 2892 856 2965 olim
883 2901 1056 2965 tenuerat
1084 2902 1121 2964 et
1145 2889 1231 2961 inde
1250 2911 1402 2960 ornnem

292 2993 527 3066 1Turooriam
560 2994 630 3067 sibi
655 2992 929 3090 subiugaverat.
978 2994 1067 3066 lnde
1102 2993 1293 3091 profectus
1321 3018 1404 3092 per-

308 3093 411 3168 venit
429 3097 474 3168 ad
493 3098 624 3178 urbem
643 3094 903 3190 fortissimam,
920 3118 1027 3166 muro
1048 3103 1086 3166 et
1099 3093 1261 3168 turribus
1277 3097 1403 3170 multis

309 3197 347 3268 in
371 3195 524 3270 circuitu
541 3195 809 3270 venustissime
825 3205 994 3268 ornatam
1011 3205 1047 3268 et
1061 3193 1264 3270 fortissime
1279 3195 1405 3270 firma-

308 3307 401 3394 tam,
422 3321 494 3396 que
516 3297 648 3371 dicitur
661 3293 844 3394 Anikke1,
863 3320 976 3394 quarn
994 3296 1093 3371 idem
1113 3297 1335 3372 Godefridus
1353 3297 1405 3372 la·

310 3401 400 3472 bore
415 3398 529 3472 nimio
545 3407 838 3496 expugnaverat.
865 3397 910 3469 Et
923 3397 1008 3496 quia
1024 3409 1177 3497 propter
1191 3424 1299 3472 suam
1314 3399 1404 3474 fide·
1530 3416 1531 3420 ’

229 3573 232 3586 ,
309 3499 454 3574 litatem

578 3602 677 3673 omni
693 3605 747 3671 est
761 3595 1008 3672 memorabilis
1026 3624 1101 3696 eoo,

310 3701 492 3800 dicamus,
514 3703 701 3800 quomodo
723 3701 883 3773 eandem
908 3703 1051 3792 urbem,
1073 3701 1158 3798 quia
1174 3701 1407 3800 inexpugna-

310 3803 393 3878 bilis
414 3803 507 3899 erat,
530 3803 632 3876 Deus
651 3801 688 3873 in
709 3825 844 3874 manus
865 3800 946 3875 eius
964 3801 1166 3876 tradiderit.

389 3911 445 3980 11.
467 3901 668 3977 Incidenda
686 3901 730 3974 de
748 3900 839 3975 duce
854 3902 1065 3992 Godefrido.
1101 3905 1195 3979 Cum
1209 3904 1270 3978 diu
1286 3905 1406 3979 Gode-

313 4005 428 4080 fridus
439 4005 476 4077 in
488 4003 678 4078 obsidione
694 4003 795 4078 urbis
810 4004 1021 4080 laborasset
1036 4016 1074 4079 et
1089 4007 1275 4082 exercitus
1290 4004 1405 4078 nimia

311 4107 412 4178 fame
437 4115 708 4203 attenuaretur,
734 4105 784 4179 it‘a
813 4117 853 4180 nt
877 4131 1012 4182 omnes
1038 4109 1117 4182 lere
1146 4109 1231 4206 equi
1251 4117 1288 4180 et
1306 4106 1406 4204 quic·

312 4205 397 4304 quid
418 4207 605 4280 habebant
626 4231 747 4308 usque
771 4211 816 4282 ad
845 4207 1043 4308 corrigiam
1071 4203 1404 4284 calciamentorum

314 4343 338 4415 l)
357 4341 447 4400 duilio
466 4344 538 4398 iuxta
559 4343 773 4418 llellrspootum.
