3116 5014
153 480 364 554 nnuocnr
391 480 632 556 canonica
659 455 925 567 servorun.
970 482 1056 555 cm.
1083 483 1123 556 n.
1176 485 1222 558 51

128 691 255 755 autem
289 681 455 756 exercitu
488 693 717 780 congregato
754 683 886 756 direxit
921 708 1008 758 eum
1038 685 1076 758 in
1102 685 1226 758 West·

126 782 254 856 saliam
278 807 348 883 per
365 807 501 856 manus
523 783 683 881 Adolpbi
701 783 849 857 comitis
867 788 913 858 de
936 785 1226 882 Scowenburch‚

127 883 308 958 Bernardi
334 884 479 958 comitis
499 886 545 956 de
564 883 797 981 Racesburg,
818 886 999 960 bernardi
1017 886 1163 960 comitis
1179 888 1226 960 de

127 985 251 1084 Wilpe
270 983 340 1038 ¹-
360 985 421 1083 qui
440 985 567 1080 etiam,
584 985 677 1058 utin
693 988 938 1084 sequentibus
958 987 1124 1082 clarebit,
1145 987 1226 1061 aliis

129 1111 151 1159 a
170 1089 265 1158 duce
284 1084 554 1184 deficientibus,
577 1085 661 1184 ipse
689 1087 793 1160 solus
811 1087 931 1160 fidelis
952 1089 1160 1186 permansit
1179 1130 1225 1142 -

11 1251 13 1264 ,
127 1185 324 1260 Guncelini
356 1185 502 1260 comitis
535 1189 581 1260 de
613 1187 761 1284 Zverim
792 1189 975 1286 Ludolphi
994 1187 1156 1262 *comitis
1190 1199 1227 1261 et

127 1285 345 1382 wilbrandi‚
364 1287 488 1360 fratris
510 1287 605 1386 eius,
632 1292 678 1362 de
701 1289 936 1386 Halremunt,
956 1301 994 1363 ut
1012 1299 1226 1389 pugnarent

26 1471 33 1480 ἱ
131 1398 259 1460 contra
278 1388 450 1462 inimicos
470 1413 560 1462 suos
579 1390 616 1460 in
636 1390 757 1465 medio
776 1401 876 1462 terre
892 1415 1037 1488 corum⁷
1054 1391 1116 1488 qui
1129 1389 1225 1464 fines
1330 1425 1332 1428 ·

45 1562 47 1567 ,
127 1513 218 1562 suos
244 1489 282 1560 in
300 1490 469 1587 partibus
494 1491 566 1563 illis
587 1501 877 1589 occupaverant,
903 1492 1078 1564 videlicet
1096 1502 1226 1564 contra
1313 1574 1315 1580 ,

125 1589 322 1664 Simonem
342 1593 518 1664 comitem
537 1594 583 1664 de
602 1593 866 1690 Tekeneburg,
886 1594 1146 1666 Hermannum
1165 1616 1225 1664 co·
1353 1599 1359 1616 ⁶

124 1690 258 1764 mitem
282 1693 328 1764 de
347 1693 631 1790 Ravenesberg,
655 1693 872 1767 Heinricum
895 1693 1071 1767 comitem
1094 1697 1140 1767 de
1159 1694 1225 1764 Ar·

124 1795 313 1890 nosberg,
348 1793 601 1867 Widilrindum
638 1795 814 1868 comitem
846 1799 892 1882 dc
923 1795 1157 1892 Svalenberg
1189 1803 1227 1867 et

127 1893 221 1966 alios
252 1895 401 1992 plures⁷
440 1891 765 1968 etconsederunt
797 1896 900 1969 iuxta
935 1895 1225 1993 Osenbrugghe.
1282 1913 1284 1916 ·

126 1994 295 2092 Cumque
327 1995 669 2094 appropinquasset
700 1997 886 2070 exercitus
918 1997 1079 2094 hostilis,
1111 1994 1226 2070 attriti

126 2105 216 2170 sunt
238 2096 410 2170 Westfali
440 2097 551 2198 plaga
573 2123 731 2196 magna,
758 2102 924 2198 eoquod
950 2099 1138 2194 Saxones,
1163 2097 1316 2196 quinto.

125 2197 286 2270 Holtsati
314 2197 505 2294 dicuntur,
529 2199 598 2270 viri
626 2211 714 2272 sunt
739 2203 880 2297 absque
903 2199 1161 2272 misericordia
1188 2181 1335 2271 etim·

124 2298 282 2372 humani
306 2299 501 2396 sanguinis
520 2299 725 2374 avidissimi
744 2302 904 2373 fusores.
935 2303 980 2374 Et
999 2324 1073 2372 non
1093 2323 1225 2397 peper-

127 2399 177 2472 cit
191 2399 347 2474 oculus²
361 2425 493 2472 eorum
512 2401 646 2472 maiori
661 2402 723 2474 vel
736 2401 883 2498 minori,
898 2405 965 2474 sed
982 2424 1114 2473 omncs
1130 2425 1224 2497 quos

11 2543 14 2550 ·
125 2501 321 2599 oppositos
348 2502 537 2576 habebant
563 2501 822 2592 insatiabiliter
849 2502 931 2574 neci
958 2499 1224 2574 tradiderunt³.

11 2622 15 2630 ·
125 2602 258 2676 Plures
284 2613 412 2692 tamen
433 2628 454 2674 a
473 2603 651 2702 militibus
676 2603 713 2675 in
734 2603 987 2702 captivitatem
1006 2602 1106 2676 ducti
1125 2612 1225 2694 suntq

11 2731 13 2792 3
126 2701 226 2776 inter
244 2728 337 2802 quos
356 2704 558 2803 precipuus
586 2715 665 2777 erat
684 2705 813 2778 Simon
842 2728 969 2778 comes
989 2707 1035 2778 de
1049 2704 1225 2778 lokene-

126 2808 234 2902 burg,
261 2805 323 2903 qui
342 2830 363 2878 a
382 2807 477 2879 duce
497 2805 690 2879 coniectus
718 2816 778 2879 est
802 2806 840 2878 in
859 2805 1020 2904 vincula,
1048 2805 1224 2892 astrictus

11 2903 13 2908 ’
126 2906 283 2978 manicis
316 2906 467 3002 ferreis‚
502 2910 622 2981 donec
656 2931 701 2980 ea
730 2932 802 3005 que
829 2909 996 2980 subiecta
1026 2917 1114 2979 sunt
1142 2931 1227 2980 sen·

125 3005 222 3078 tiret.
267 3007 404 3080 Postea
430 3017 557 3081 tamen
586 3009 732 3081 solutus
758 3009 970 3104 avinculis,
995 3011 1063 3080 sub
1090 3007 1230 3092 iureiu-¹

125 3111 242 3181 rando
260 3106 374 3182 fidem
393 3109 550 3206 faciens7
577 3109 699 3182 factus
724 3119 782 3182 est
800 3110 883 3183 duci
901 3107 1158 3204 fidelissimus,
1188 3119 1226 3179 et
1298 3184 1300 3188 ,

125 3208 165 3280 in
184 3209 287 3282 omni
305 3209 369 3282 illa
395 3209 651 3283 controversia
677 3233 809 3284 secum
826 3209 986 3302 fideliter
1004 3231 1225 3307 persevera-

125 3313 200 3382 bat.
242 3311 355 3385 Facta
389 3321 447 3384 est
482 3321 609 3408 autem
638 3311 860 3410 disceptatio
891 3305 990 3383 inter
1021 3313 1155 3382 ducem
1187 3318 1226 3381 et

125 3411 303 3484 comitem
321 3411 495 3498 Adolfum
516 3423 554 3484 et
576 3422 724 3485 ceteros
746 3411 890 3486 nobiles
906 3414 952 3484 de
968 3410 1134 3511 captivis.
1165 3409 1226 3483 Di·

11 3539 12 3600 }
126 3514 235 3584 cebat
258 3512 358 3586 enim
379 3516 465 3609 dux,
485 3513 543 3586 sui
557 3512 647 3586 iuris
669 3537 770 3611 esse,
788 3523 829 3606 ut
847 3537 980 3586 omnes
1000 3511 1135 3610 captivi
1155 3510 1226 3584 sibi
1264 3547 1265 3552 ,

11 3625 12 3630 ’
125 3614 382 3687 redderentur.
430 3615 500 3690 Cui
533 3614 792 3689 consentiebat
819 3614 1048 3688 Guncelinus
1081 3636 1225 3708 comes,

11 3713 12 3718 ’
126 3715 320 3788 Conradus
339 3718 384 3788 de
403 3713 561 3810 Rotnet
581 3715 733 3798 redditis
753 3715 909 3814 captivis
930 3717 1022 3812 suis,
1042 3725 1079 3787 et
1097 3713 1159 3785 alii
1177 3715 1224 3786 de

11 3845 12 3852 ¹
127 3816 239 3888 domo
260 3816 363 3889 ducis
376 3817 647 3892 familiariores.
674 3818 834 3891 Econtra
852 3817 904 3889 illi
918 3817 1104 3911 dicebant,
1119 3838 1161 3887 se
1177 3815 1226 3886 de

125 3917 288 4016 propriis
315 3918 509 4016 stipendiis
537 3918 710 4015 militare‚
736 3927 774 3990 et
790 3919 874 3992 ideo
897 3918 1037 3991 iustum
1057 3939 1159 4011 esse,
1183 3923 1224 3986 ut

126 4053 154 4124 1)
179 4051 294 4125 welpo,
320 4063 436 4109 castrum
462 4055 491 4108 in
510 4054 660 4126 principatu
684 4052 853 4127 Calenbcrg,
878 4055 1048 4126 praefectura
1074 4049 1225 4120 Nienbury

124 4127 446 4197 baudproculacivitate
463 4129 645 4214 aequivocat
674 4128 701 4195 2)
712 4131 859 4214 secundum
874 4127 966 4214 luditb
979 4128 1006 4193 2,
1024 4125 1050 4182 6
1107 4123 1224 4192 3lllauc

125 4217 245 4326 dudm
265 4200 829 4342 ³·illut·lutlt'tttltttt‘
843 4195 1141 4328 ltlttbllltlil
1155 4198 1225 4326 iulo·

123 4348 287 4418 oppositum,
309 4347 337 4400 in
352 4347 417 4418 loco
438 4347 482 4418 qui
502 4348 544 4402 vel
564 4347 644 4402 hodie
665 4349 733 4420 „aas
749 4351 807 4404 dom
824 4347 932 4420 unqu
952 4357 1069 4443 spuatur.
1107 4344 1139 4400 P.

939 4426 962 4495 4
