3116 5014
176 445 384 523 nxuotul
412 443 651 520 CHRONICA
676 444 943 520 SLAVORUM.
986 447 1069 522 LlB.
1093 449 1150 522 lll.
1203 451 1250 525 69

149 643 264 718 ficum
290 669 333 719 se
359 645 555 741 exhibens,
580 647 617 716 in
642 646 814 720 omnibus
843 650 970 722 tardus
992 660 1029 722 et
1047 649 1251 725 discinctus

151 758 241 820 erat.
278 747 384 820 Unde
404 769 475 819 nec
495 750 540 819 ab
558 743 740 842 imperio1
758 747 860 822 iuxta
879 760 1019 823 statum
1037 751 1172 849 prioris
1193 763 1251 825 est

147 847 370 944 honoratus7
385 870 487 920 neca
503 845 730 945 principibus
746 849 806 921 vel
821 859 921 923 terre
936 851 1177 925 nobilioribus
1194 863 1251 926 est

146 959 356 1048 reputatus.
393 947 498 1022 Circa
517 947 596 1020 dies
615 947 699 1021 illos
720 973 848 1024 comes
868 951 1021 1026 Adultus
1041 952 1144 1025 duxit
1160 978 1250 1025 uxo·

145 1073 229 1122 rem
249 1050 363 1122 filiam
382 1047 528 1122 comitis
548 1047 695 1122 Ottonis
715 1052 761 1124 de
779 1051 906 1146 Dasle,
926 1063 1064 1150 agente
1079 1053 1249 1154 Philippo

146 1129 362 1226 Coloniensi
400 1149 706 1248 archiepiscopo,
743 1155 847 1226 cuius
883 1177 1093 1252 propinqua
1130 1155 1249 1250 erat²‚
1366 1215 1368 1222 ,
1455 1133 1459 1144 ι

145 1275 217 1350 per
244 1276 354 1349 quem
379 1251 493 1324 etiam
511 1251 669 1324 multum
688 1253 917 1350 prevalebat.
961 1257 1131 1354 Cumque
1158 1256 1270 1330 obti?

144 1353 296 1426 auisset
319 1375 471 1445 omnem
499 1361 638 1425 terram
666 1354 781 1451 patris
808 1356 879 1452 sui,
909 1355 1019 1428 eiecit
1042 1379 1176 1430 omnes
1194 1357 1248 1430 in-

143 1454 279 1526 imicos
308 1478 398 1526 suos
426 1455 472 1525 de
497 1463 617 1548 terra,
643 1453 704 1552 qui
731 1455 768 1526 in
796 1455 926 1530 diebus
952 1455 1115 1530 Heinrici
1142 1459 1246 1532 ducis

38 1548 43 1566 '
143 1565 275 1628 contra
312 1579 398 1626 eum
432 1565 654 1650 senserant,
685 1555 921 1630 Marcradum
954 1557 1134 1632 videlicet
1164 1583 1247 1657 pre-

15 1745 16 1750 ἵ
139 1656 285 1729 fectum
304 1656 543 1729 Holzatorum
573 1697 617 1710 -
647 1680 713 1754 pro
740 1681 813 1754 quo
831 1657 960 1756 alium,
985 1658 1157 1754 Syricum
1181 1684 1247 1732 no·
1316 1701 1321 1715 =

14 1779 16 1790 ·
140 1757 246 1830 mine
267 1757 469 1854 substituit7
489 1757 549 1854 qui
569 1767 697 1830 tamen
711 1757 848 1834 virtute
867 1769 905 1832 et
918 1761 1117 1833 honestate
1131 1761 1244 1858 longe

14 1867 15 1870 ’
138 1859 298 1932 inferior
322 1858 390 1930 fuit
416 1899 461 1912 -
487 1869 524 1931 et
551 1858 842 1958 Hemeconem³3
870 1860 991 1932 virum
1020 1871 1244 1934 strennuum

138 1963 266 2056 valde,
295 1969 331 2032 et
358 1959 451 2032 alios
478 1959 629 2057 plures,
657 1983 813 2058 quorum
833 1961 983 2060 quidam
1001 1972 1244 2038 transeuntes

139 2064 190 2134 ad
209 2084 339 2158 regem
364 2060 478 2134 Dacie
507 2061 736 2158 peregrinati
765 2071 853 2134 sunt
878 2065 977 2161 apud
999 2061 1137 2161 ipsum.
1174 2063 1246 2136 Ali-i

137 2185 234 2234 vero
255 2164 351 2260 apud
374 2161 551 2234 comitem
576 2165 621 2234 de
646 2163 866 2260 Racesburg
891 2173 1043 2262 tempus
1069 2164 1167 2237 exilii
1187 2165 1245 2238 sui

136 2273 381 2362 peregerunt.
423 2263 503 2336 Dux
529 2273 656 2334 autem
674 2263 888 2336 Bernardus
915 2264 1135 2336 cumfratre
1161 2289 1244 2358 suo,

136 2363 279 2438 Ottone
294 2363 526 2459 marchione7
540 2362 698 2436 veniens
712 2363 986 2461 Ertheneb'urg,
1002 2363 1244 2462 magnificum

135 2465 214 2538 illic
243 2490 285 2538 se
314 2463 479 2538 exhibuit
502 2475 539 2536 et
564 2464 766 2538 nobiliores
785 2475 885 2538 terre
905 2467 1042 2540 adesse
1061 2466 1243 2564 precepit,

135 2576 193 2664 ut,
223 2566 385 2664 receptis
406 2568 451 2637 ab
471 2589 516 2638 eo
536 2562 729 2639 beneficiis
750 2565 843 2664 suis,
862 2565 1070 2640 hominium
1090 2565 1125 2640 ei
1143 2567 1242 2641 face·

134 2677 225 2742 rent
250 2679 287 2740 et
311 2663 530 2740 fidelitatem
551 2665 584 2738 ei
610 2690 679 2764 per
694 2678 944 2750 ¹sacramenta
965 2665 1242 2742 confirmarent.

136 2771 309 2867 Cumque
338 2767 371 2841 ei
404 2791 446 2841 se
473 2767 705 2842 exhibuisset
729 2792 857 2842 comes
889 2772 935 2842 de
960 2769 1179 2868 Raeesburg
1206 2780 1243 2842 et

135 2894 269 2943 comes
293 2873 339 2942 de
358 2869 634 2942 Dannenberch
650 2879 687 2943 et
708 2893 837 2943 comes
860 2873 906 2944 de
919 2869 1107 2945 Luchowe
1130 2881 1166 2943 et
1182 2895 1242 2944 co·

133 2995 222 3046 mes
249 2974 295 3044 de
310 2971 469 3065 Zwerim
497 2973 764 3068 expectabatur
788 2971 903 3044 etiam
925 2971 1239 3069 comendatus,

135 3084 175 3148 et
194 3097 268 3146 non
287 3070 399 3146 venit.
426 3072 532 3145 Unde
547 3095 635 3144 eum
650 3073 723 3145 dux
737 3082 957 3172 suspectum
972 3073 1114 3146 habere
1129 3073 1239 3171 cepit,

135 3185 174 3248 et
193 3174 326 3246 exinde
346 3171 567 3246 occasiones
587 3173 771 3246 discordie
790 3173 888 3246 inter
907 3196 972 3246 eos
993 3182 1121 3245 exorte
1140 3183 1239 3246 sunt.

133 3276 219 3348 Dux
237 3285 363 3348 autem
375 3275 589 3348 Bernardus
605 3273 642 3344 in
656 3273 739 3371 ipso
758 3283 930 3372 tempore
946 3272 1044 3372 cepit
1064 3271 1238 3346 edificare
1313 3269 1315 3274 ’

113 3372 541 3472 ¹‚Louenburchlsuper
557 3373 645 3446 litus
664 3373 769 3447 Albie
788 3377 833 3447 ad
849 3373 1071 3447 orientalem
1084 3374 1239 3474 plagam

132 3477 406 3574 Ertheneburg.
450 3475 493 3547 Et
520 3475 687 3548 desolato
714 3475 786 3549 hoc
813 3485 957 3572 castro7
981 3488 1137 3550 murum
1164 3499 1237 3574 quo

136 3578 355 3676 cingebatur
386 3575 568 3650 destruxit
600 3586 638 3649 et
670 3600 716 3649 ex
746 3576 930 3675 lapidibus
959 3577 1041 3650 eius
1071 3586 1237 3651 castrum

135 3703 245 3757 suum
267 3703 403 3751 novum
426 3675 599 3749 firmavit.
625 3677 840 3751 Transitum
860 3678 973 3752 etiam
988 3677 1154 3774 navium,
1174 3679 1234 3776 qui

135 3779 311 3877 ibierat,
340 3780 435 3880 apud
461 3777 696 3878 Lowenburg
724 3803 812 3854 esse
845 3778 1025 3880 precepit.
1067 3779 1142 3854 Sed
1163 3778 1237 3852 ¹viri

135 3944 160 4040 l)
180 3971 214 4024 ab
239 3973 347 4038 imperto
370 3987 433 4040 pro:
460 3970 493 4024 ab
517 3971 685 4040 imperatore,
704 3971 773 4024 sieut
795 3970 962 4042 germanice:
986 3984 1038 4024 uon
1063 3969 1136 4023 deme
1154 3969 1235 4023 ricto.

135 4042 162 4113 2)
182 4041 351 4107 Adelbeidis,
377 4043 431 4097 filia
455 4040 563 4097 Ottonis
583 4046 616 4097 de
635 4041 724 4108 derel,
750 4063 804 4098 non
823 4043 928 4104 Dassel
957 4059 991 4096 ex
1010 4039 1126 4108 Salomo,
1145 4057 1237 4096 sorore

24 4155 25 4162 κ
134 4112 251 4188 Philippi
266 4115 468 4188 archiepiscopi.
488 4117 544 4170 nati
565 4119 599 4171 de
617 4115 781 4188 Heinsberg.
862 4115 890 4186 3)
911 4113 953 4169 De
968 4113 1110 4170 Marcrado
1128 4124 1155 4170 et
1173 4113 1238 4170 Hc-

134 4205 248 4244 mecone
267 4209 292 4246 v.
313 4207 336 4244 ι.
352 4190 370 4243 l.
389 4188 426 4246 ΙΙ.
444 4207 468 4244 c.
484 4190 527 4244 16.
543 4189 589 4244 20.
604 4190 650 4243 21.
671 4221 704 4231 -
731 4189 843 4264 Syricus
862 4190 972 4262 quidam
993 4187 1080 4244 dictus
1100 4190 1134 4244 dc
1146 4188 1236 4252 Proto,

133 4261 205 4318 idern
225 4263 338 4318 fortasse
357 4280 405 4317 seu
425 4263 495 4318 filius
515 4263 581 4336 eius,
601 4263 763 4318 occurritis
784 4263 882 4320 chartis
902 4281 926 4320 a.
943 4261 1014 4316 1220
1027 4273 1087 4331 etc„
1106 4282 1132 4319 r.
1145 4261 1237 4317 Ham-

134 4335 209 4408 burg,
232 4333 263 4390 U.
284 4335 314 4390 B.
336 4335 355 4390 l.
375 4355 403 4390 n.
422 4335 484 4391 4⁴1.
505 4335 568 4393 486.
588 4337 651 4392 508.
671 4337 734 4390 516.
793 4336 838 4410 4)
857 4335 1029 4408 bauenburg.
