3116 5014
314 431 363 504 20
412 427 621 500 ARNOLDI
649 425 889 502 CHRONICA
916 423 1183 500 SLAVORUM.
1228 423 1314 496 LlB.
1333 423 1360 496 1.
1406 375 1413 390 y

223 630 350 703 ntroin
367 626 471 701 loco:
514 628 637 716 Quem
665 626 790 700 mittet
815 627 926 700 Pater
949 625 1156 700 innomine
1176 623 1297 698 me0¹.
1341 623 1411 698 His

312 736 348 802 et
360 729 445 802 aliis
460 726 739 802 auctoritatibus
754 725 966 823 ostenditur,
980 726 1080 823 qnod
1087 727 1245 822 Spiritus
1260 730 1410 800 sanctus

310 829 524 926 procedito
548 829 659 902 Patre
685 834 721 902 et
741 827 846 902 Filio.
886 826 943 900 Ad
969 827 1062 900 illud
1086 835 1219 923 autem,
1246 824 1346 924 quod
1364 825 1409 900 de

314 931 508 1027 ewanpelio
529 932 721 1025 opponitis,
740 929 802 1026 qui
822 953 842 1002 a
863 929 972 1003 Patre
991 929 1172 1027 procedit,
1191 932 1244 1002 ita
1261 951 1408 1022 respon·

313 1030 452 1128 demus,
466 1035 554 1128 qaia
564 1054 646 1104 cum
656 1029 758 1104 dicat
768 1033 806 1104 in
819 1054 861 1102 eo
877 1029 1025 1127 Veritas,
1040 1031 1218 1129 Spiritum
1235 1040 1408 1103 sanctum
1544 1047 1545 1058 ¹

313 1159 335 1206 a
359 1135 466 1207 Patre
490 1134 709 1230 procedere,
729 1155 804 1204 non
822 1127 970 1204 addidit
986 1132 1081 1226 sulm
1108 1137 1141 1204 et
1157 1129 1239 1204 ideo
1258 1133 1366 1203 etiam
1384 1152 1409 1202 a
1544 1119 1545 1172 ³

313 1258 351 1306 se
372 1233 571 1328 procedere
596 1257 671 1314 non
696 1239 815 1329 n'epat,
841 1230 907 1306 sed
924 1231 1006 1306 ideo
1023 1232 1169 1305 Patrem
1187 1238 1328 1304 tantum
1345 1255 1410 1304 no·

312 1337 439 1432 minat,
466 1337 554 1432 quia
579 1334 631 1407 ud
656 1357 737 1408 enm
762 1333 854 1407 solet
879 1336 1027 1430 referre,
1052 1336 1162 1406 etiam
1179 1332 1279 1432 quod
1295 1336 1410 1426 ipsius
1544 1359 1545 1366 ³

313 1443 376 1530 est,
403 1438 490 1533 qnia
518 1461 561 1508 ecc
578 1434 641 1508 illo
659 1435 776 1508 habet.
836 1435 946 1508 Vestri
964 1438 1071 1507 etiam
1090 1433 1269 1529 doctores,
1296 1456 1410 1506 unam
1544 1519 1545 1522 Ἴ

314 1536 534 1634 eandemque
551 1539 764 1610 sententiam
782 1560 857 1608 esse
875 1535 1118 1631 intellipentes‚
1145 1539 1232 1632 quia
1251 1535 1410 1629 Spiritus
1544 1561 1545 1566 ¹

312 1645 462 1712 sanctus
479 1637 613 1710 dicitur
626 1636 824 1731 procedere
838 1660 863 1709 a
876 1637 985 1709 Patre
1003 1644 1039 1709 et
1051 1637 1158 1732 Fttto,
1184 1644 1220 1710 et
1235 1660 1310 1710 esse
1329 1635 1409 1730 Spi-

313 1742 423 1812 ritnm
432 1738 516 1811 Filii
529 1742 625 1810 sicut
634 1739 768 1833 Patris,
773 1741 937 1831 professi
949 1745 1044 1831 sunt,
1054 1737 1230 1830 Spiritum
1243 1743 1411 1810 sanctum
1544 1755 1545 1784 ³

308 1838 507 1935 procedere
525 1864 549 1910 a
566 1839 673 1935 Filio,
690 1841 786 1912 sieut
810 1863 833 1910 a
850 1839 969 1912 Patre.
1017 1838 1117 1912 onae
1134 1837 1355 1912 Athanasius
1373 1839 1410 1910 in

313 1939 477 2034 symbolo
502 1939 606 2030 fidei:
649 1940 808 2038 Spiritus
829 1951 982 2013 sauctus
1002 1964 1023 2012 a
1043 1942 1151 2013 Patre
1172 1951 1210 2012 et
1227 1939 1315 2012 Filio
1336 1961 1410 2010 non

313 2043 454 2136 factus,
486 2066 556 2114 nec
589 2052 758 2136 creatuS,
791 2066 861 2113 nec
890 2042 1056 2138 genitus7
1089 2044 1156 2114 sed
1189 2042 1409 2139 procedens.

313 2143 406 2216 Ecce
429 2142 605 2236 Spiritum
629 2148 797 2214 sanctum
816 2167 834 2214 a
856 2143 964 2214 Patre
987 2143 1077 2215 dicit
1100 2145 1305 2240 procedere
1330 2151 1410 2212 eta

313 2244 415 2316 Filio.
449 2245 537 2316 Item
562 2241 742 2316 lohannes
765 2244 1041 2337 Chrysostomus
1065 2247 1102 2315 in
1120 2241 1295 2315 homilia²
1322 2264 1410 2338 qna·

313 2343 402 2418 dam
421 2348 474 2417 sic
494 2347 564 2417 ait:
603 2345 678 2417 lste
701 2356 759 2418 est
773 2347 983 2443 procedens
1003 2371 1025 2418 a
1043 2346 1152 2418 Patre
1172 2354 1209 2416 et
1225 2343 1327 2440 Filio7
1348 2341 1410 2439 qui

315 2446 442 2519 dividit
460 2448 557 2518 dona
576 2445 725 2544 propria
744 2457 856 2543 prout
874 2447 962 2518 vult.
997 2447 1083 2520 Item
1104 2444 1258 2539 Cprillus
1276 2446 1412 2539 episco-

312 2545 423 2641 pus³:
471 2547 644 2644 Spiritusa
674 2549 800 2644 inquit,
835 2557 989 2620 sanctus
1018 2547 1237 2643 intelligitur
1262 2570 1331 2645 per
1356 2569 1412 2639 se,

317 2649 525 2720 secundum
545 2650 641 2746 quod
657 2647 816 2746 Spiritus
837 2657 896 2719 est
915 2657 952 2718 et
969 2671 1044 2718 non
1058 2647 1186 2738 Filius.
1199 2651 1266 2720 sed
1284 2657 1413 2718 tamen

316 2773 392 2822 non
409 2759 470 2822 est
488 2747 632 2822 alienus
653 2753 698 2822 ab
719 2773 775 2822 eo.
808 2746 967 2846 Spiritus
988 2747 1087 2820 enim
1107 2747 1274 2819 veritatis
1294 2746 1413 2818 nomi-

317 2861 439 2948 natum
476 2859 512 2922 et
538 2848 689 2947 profluit
715 2854 760 2923 ab
788 2873 846 2946 eo,
882 2848 979 2921 sicut
1005 2873 1026 2920 e
1052 2849 1131 2922 Deo
1159 2848 1280 2920 Patre.
1321 2847 1414 2919 Ecce
1543 2903 1544 2922 .

317 2953 425 3024 etiam
443 2974 467 3022 a
492 2953 618 3024 cestris
643 2949 855 3022 doctoribus
880 2956 1009 3045 aperta
1031 2948 1170 3021 habetis
1195 2950 1413 3044 testimonia,

317 3052 446 3148 quibus
481 3051 640 3144 Spiritus
665 3057 815 3124 sanctus
846 3074 870 3122 a
895 3051 1005 3124 Patre
1035 3057 1071 3122 et
1100 3049 1193 3122 Filio
1213 3049 1412 3144 procedere

318 3153 528 3226 ostenditur.
568 3153 691 3226 Omnis
717 3155 828 3248 ipitur
851 3151 977 3247 linqua
1000 3154 1218 3239 confiteatur
1237 3151 1413 3246 Spiritum

316 3261 484 3326 sanctum
493 3253 691 3348 procedere
705 3252 1001 3326 aPalreetFilio.
1029 3254 1095 3324 His
1113 3253 1271 3352 aliisque
1288 3262 1415 3324 aucto·

318 3354 501 3447 ruatibus,
530 3345 693 3428 ineiime
726 3355 817 3452 suis⁷
848 3378 924 3426 non
954 3354 1130 3427 valebant
1158 3354 1414 3427 contradicere

318 3455 488 3554 magistri
510 3455 737 3551 Grecosum,
765 3455 1016 3528 concedentes
1036 3454 1215 3554 Spiritum
1241 3465 1414 3527 sanctum

318 3559 524 3654 procedere
549 3580 571 3627 a
590 3557 698 3628 Patre
723 3566 760 3628 et
780 3555 881 3632 Filio.
922 3557 967 3628 Et
990 3555 1252 3653 magnificatus
1276 3565 1336 3628 est
1354 3557 1416 3628 ab·

318 3663 385 3732 bas
407 3656 604 3730 Heinricus
623 3657 660 3729 in
681 3659 886 3754 conspectu
905 3657 1007 3754 regis
1028 3667 1065 3730 et
1083 3654 1315 3755 pontificum,
1343 3656 1416 3729 ool-

242 3823 245 3828 .
316 3759 515 3848 laudantes
535 3757 743 3830 doctrinam
763 3757 843 3830 eius
863 3768 900 3830 et
919 3755 1124 3832 fidemnon
1143 3757 1330 3831 modicam
1356 3760 1417 3830 ad·
1465 3835 1471 3841 ,

216 3889 245 3926 ,·
318 3855 517 3932 hibentes⁴
542 3858 666 3932 verbis
693 3858 802 3932 illius.
846 3859 991 3957 Regina
1010 3869 1137 3932 eutem
1157 3859 1309 3932 donavit
1332 3858 1415 3931 duci

319 3959 516 4034 samittos⁵
534 3959 737 4059 plurimos,
755 3961 805 4032 ita
824 3971 864 4033 ut
882 3985 1016 4034 omnes
1036 3960 1173 4034 milites
1194 3986 1284 4035 suos
1305 3959 1416 4032 vesti·

320 4077 345 4145 1)
365 4075 477 4132 lahaim.
500 4077 542 4142 14,
562 4078 608 4132 26.
741 4079 768 4149 2)
788 4079 846 4134 scil.
867 4081 895 4132 iu
918 4080 944 4134 2.
965 4079 1076 4134 homilia
1097 4088 1275 4150 pentecostes,
1295 4096 1320 4132 v.
1340 4075 1414 4134 Edit.

318 4149 502 4206 Montlaueon.
523 4150 555 4206 T.
575 4149 610 4220 ll,
631 4171 656 4223 p.
676 4152 739 4207 469.
759 4151 792 4208 Β.
813 4152 845 4207 C.
864 4151 899 4208 D.
999 4153 1026 4220 3)
1049 4153 1080 4206 V.
1101 4151 1196 4224 cyrilti
1222 4168 1302 4222 opera
1330 4154 1373 4206 ed.
1393 4149 1414 4206 l.

239 4233 242 4238 '
318 4222 465 4287 Aubertus,
486 4224 545 4279 Lut.
559 4225 637 4283 1638.
658 4225 690 4281 Τ.
704 4225 749 4280 Vl.
769 4236 796 4280 et
816 4226 915 4281 Contra
935 4224 1032 4281 luliau.
1049 4224 1081 4279 B.
1102 4245 1128 4296 p.
1144 4223 1235 4280 21.st
1302 4224 1336 4295 ’4)
1356 4225 1375 4282 i.
1392 4242 1416 4278 e.

319 4297 527 4353 collaudantium
547 4308 574 4354 et
593 4300 786 4355 adhibentium.
876 4298 901 4370 5)
922 4299 1086 4354 nostratibus
1106 4300 1230 4354 Sammet.
