3116 5014
274 437 299 507 8
433 429 645 507 ARNOLDI
672 427 918 504 CHRONICA
943 427 1212 505 SLAVORUM.

279 641 334 706 cet
357 631 380 704 l.
407 631 440 704 V.
461 657 490 704 c.
507 635 563 705 10.
598 675 647 686 -
685 653 780 704 anus
797 629 1002 726 Fortunati,
1016 629 1154 704 scilicet
1177 631 1200 704 I.
1219 633 1247 704 I.
1268 657 1297 704 c.
1319 638 1379 709 10.

279 777 327 789 -
356 731 492 822 Quibus
511 730 674 804 addendi
698 737 786 804 sunt
808 738 942 824 septem
974 730 1121 827 Virpitii,
1150 730 1280 828 Ovidii,
1306 734 1377 806 Lu·

280 835 365 906 cani
380 853 506 906 uersus
525 838 754 906 occurrentes
772 833 810 904 in
837 830 991 924 epistola
1011 829 1173 904 Conradi
1197 833 1383 906 cancella-*-

279 931 577 1008 midam

381 1031 491 1106 Hisce
514 1032 681 1106 omnibus
704 1034 738 1104 si
761 1029 952 1104 addideris
980 1033 1073 1104 satis
1104 1056 1278 1128 mapnum
1300 1057 1377 1108 aer·

281 1157 389 1208 suum
406 1132 462 1206 ad
478 1157 604 1206 uersus
611 1132 886 1226 particularum
898 1154 1100 1227 numerum,
1119 1155 1211 1228 quos
1229 1131 1281 1206 ad
1289 1158 1383 1228 poe·-

282 1241 358 1307 tam
376 1240 513 1306 certum
531 1256 704 1306 reuocare
721 1229 795 1306 non
808 1235 1008 1328 potuimus,
1027 1238 1063 1304 et
1076 1232 1266 1326 stropham
1285 1233 1399 1328 Sap.

277 1335 428 1429 phicum
442 1333 484 1430 (t.
506 1333 541 1406 V.
562 1359 592 1406 c.
611 1333 676 1429 11)
697 1340 732 1406 et
746 1356 872 1406 uersus
890 1333 937 1404 ab
956 1335 1035 1424 ipso
1049 1331 1213 1406 Arnoido
1233 1357 1379 1427 compo·

282 1438 383 1531 sitos,
402 1437 495 1508 inter
521 1434 687 1525 homines
700 1433 840 1506 saeculi
857 1433 930 1506 XII
944 1439 979 1505 et
993 1433 1083 1506 XIII
1096 1432 1380 1508 litteratissimos

284 1559 362 1608 eum
377 1534 610 1623 referendum
624 1559 700 1608 esse
717 1533 908 1608 iudicabis.
918 1577 968 1588 -
978 1532 1209 1627 Scriptorum
1221 1542 1380 1608 aeterum

283 1639 463 1708 rationem
481 1638 518 1708 in
536 1660 577 1719 eo
603 1635 754 1731 denique
780 1633 849 1707 sibi
877 1637 1085 1730 assumpsit,
1110 1635 1211 1732 quod
1232 1639 1380 1730 saepius

285 1738 471 1808 orationes
489 1737 597 1833 etiam
610 1735 794 1830 donpiores
811 1737 919 1831 quasi
931 1733 1077 1808 habitas
1095 1739 1218 1832 refert,
1236 1739 1332 1811 sicut
1348 1745 1387 1810 ctv

283 1833 520 1928 Hetmoldus3
539 1839 606 1922 cfr.
626 1835 649 1908 I.
670 1834 704 1914 I'.
726 1860 754 1907 c.
771 1837 829 1908 28.
865 1834 934 1906 VII.
955 1859 985 1906 c.
1004 1839 1061 1908 17.

385 1935 539 2009 Arnoidi
564 1935 760 2008 chronicon
781 1937 914 2028 primis
930 1942 1022 2028 post
1041 1941 1193 2008 mortem
1223 1936 1382 2010 saeculis

280 2059 419 2131 parum
445 2042 572 2109 notum
598 2039 713 2123 fuisse
737 2036 889 2109 videtur.
943 2035 1128 2108 Albertum
1153 2036 1380 2132 Stadeusem,

284 2141 322 2210 in
346 2138 479 2210 vicinia
507 2136 689 2231 depentem
718 2144 753 2209 et
782 2136 907 2210 eodem
934 2136 1083 2209 saeculo
1109 2137 1262 2209 annates
1292 2161 1381 2210 suos

285 2236 508 2333 scribentem,
523 2261 566 2310 cr
579 2238 620 2310 eo
639 2261 712 2310 non
728 2236 894 2310 hausisse
913 2245 1005 2310 certe
1018 2236 1249 2331 mirandum,-
1267 2260 1381 2332 neque

286 2362 367 2411 eum
395 2345 643 2434 capnooerant
663 2338 853 2432 Presbyter
869 2338 1086 2433 Bremensis,
1111 2360 1223 2433 neque
1250 2344 1382 2409 auctor

288 2438 449 2511 chronici
479 2437 545 2510 der
574 2437 857 2511 Nordeibischen
892 2437 1040 2535 Sassen,
1081 2461 1194 2534 neque
1229 2436 1385 2535 denique

287 2545 456 2611 auctores
469 2537 724 2610 chronicorum
736 2539 988 2611 Lubicensium
1007 2537 1202 2611 vernaculo
1216 2563 1384 2612 sermone

286 2640 516 2730 scriptorum.
570 2637 627 2708 Ec
645 2659 716 2732 quo
735 2661 914 2731 apparere
932 2637 1074 2708 videtur
1091 2642 1382 2731 manuscriptum

288 2736 466 2832 oripinale
484 2735 548 2808 diu
566 2739 602 2808 in
620 2740 842 2810 monasterio
862 2735 900 2808 S.
914 2736 1089 2809 Iohannis
1107 2735 1268 2831 latuisse,
1287 2761 1383 2834 quae

287 2839 408 2932 opinio
439 2843 569 2910 nostru
598 2839 710 2909 nimia
742 2841 896 2911 raritate
931 2836 1097 2910 codicum
1133 2839 1383 2933 antiquiorum
1415 2887 1417 2890 -

287 2937 650 3010 membranaceorum
666 2937 774 3011 valde
792 2943 1040 3028 confirmatur.

386 3037 543 3134 Primus,
562 3045 602 3110 ut
618 3037 769 3134 videtur,
789 3041 851 3136 qui
869 3061 962 3132 opus
979 3061 1087 3110 suum
1103 3039 1382 3112 narrationibus

285 3137 440 3211 Arnotdi
458 3139 658 3235 ampliavit,
677 3143 751 3227 fuit
766 3145 896 3212 auctor
914 3141 1156 3212 versionis
1174 3139 1381 3212 Latinae

287 3239 483 3312 chronici
499 3240 842 3336 Reppawiensis,
875 3241 936 3336 qui
955 3263 998 3312 ec
1016 3265 1044 3312 c.
1064 3244 1094 3311 1.
1109 3243 1185 3313 28.
1206 3238 1228 3310 t.
1243 3241 1270 3311 I.
1291 3264 1382 3313 non·

285 3339 389 3413 nulia
402 3343 542 3433 purtim
559 3340 770 3414 verbotenus
789 3340 998 3436 desumpsit,
1023 3363 1117 3437 quae
1134 3338 1261 3412 videas
1279 3339 1382 3434 apud

286 3439 501 3512 Massmann
515 3465 552 3533 p.
568 3441 653 3519 423,
732 3512 736 3517 .

386 3539 478 3613 Dein
508 3543 759 3634 fraumenta
791 3539 1024 3614 cuiusdam
1051 3541 1252 3613 chronici
1288 3542 1381 3634 epi·

285 3648 500 3734 scopatus
518 3639 982 3737 Brandenburpensis,
1002 3665 1075 3737 qua
1094 3643 1307 3713 mentionem
1320 3644 1381 3729 ta·

287 3744 386 3814 ciunt
398 3743 703 3835 pereprinationis
729 3741 891 3814 Heinrici
907 3743 1050 3837 Leonis,
1075 3765 1119 3813 er
1135 3739 1290 3814 Arnoldi
1307 3741 1330 3816 t.
1349 3743 1380 3815 Ι.

286 3866 315 3914 c.
339 3848 370 3914 1.
389 3841 555 3914 hausisse
573 3840 756 3938 ridentur,
774 3867 805 3914 o.
826 3841 927 3935 apud
944 3841 1070 3914 Riedei
1086 3865 1166 3913 nov.
1188 3840 1269 3914 cod.
1290 3842 1380 3937 diph

285 3941 562 4038 Brundenburp.
582 3941 642 4036 IV,
661 3948 692 4014 1.
708 3967 746 4035 p.
763 3946 846 4016 273.
1137 3943 1142 3948 ’

389 4043 477 4114 Tum
494 4042 642 4116 saeculo
657 4043 744 4116 XIV
755 4045 816 4140 qui
833 4043 1072 4114 historiam
1101 4039 1154 4115 dc
1170 4042 1380 4114 Heinrico

287 4141 401 4214 duce
418 4145 582 4242 scripsit,
602 4143 814 4238 compilavit
828 4142 1010 4240 quaedam
1027 4143 1239 4216 verbotenus
1258 4163 1301 4212 ec
1313 4137 1379 4212 Ar-

283 4242 406 4315 notdo.
462 4244 571 4318 Cuius
589 4252 741 4341 tectum,
766 4266 849 4317 cum
876 4246 1006 4316 ammio
1026 4243 1148 4316 codice
1174 4263 1255 4313 eum
1272 4264 1381 4314 usum
