3116 5014
321 471 369 542 30
420 465 628 542 ARNOLDl
653 463 894 542 CHRONlCA
921 464 1187 542 SLAVORUM.
1230 462 1316 540 LlB.
1337 465 1362 539 1.
1423 482 1426 488 ’

230 668 437 741 fraudidus
457 691 542 741 cum
571 668 663 764 suis,
691 667 946 741 collaudantes
965 667 1180 764 Dominum,
1207 667 1269 767 qui
1288 667 1417 742 omnia

320 791 542 870 quecunque
560 769 676 842 voluit
693 767 783 841 fecit
799 769 836 840 in
856 768 936 841 celo
957 780 994 842 et
1012 769 1048 841 in
1066 777 1178 843 terra.

398 909 454 981 12.
472 907 543 980 Hic
561 930 725 980 reversus
743 906 1170 1006 cstConotantinopolim,
1185 903 1421 981 deiachra·

318 1006 479 1082 neswiclt.
532 1009 614 1106 Dux
647 1018 773 1080 autem
801 1007 1047 1108 progrediens
1074 1007 1232 1082 transito
1263 1007 1419 1084 brachio

321 1108 440 1183 sancti
464 1109 616 1207 Georgii
639 1107 741 1182 venit
764 1112 810 1181 ad
833 1113 963 1182 urbem
985 1107 1245 1206 witteoume1,
1269 1121 1308 1184 et
1330 1109 1417 1184 inde

319 1211 528 1310 procedens
551 1207 653 1284 venit
675 1209 1051 1310 Constantinopolim,
1078 1209 1137 1284 ubi
1163 1209 1338 1286 homines
1359 1210 1417 1286 sui

319 1311 483 1410 receptis
500 1311 619 1410 equis,
639 1335 733 1412 quos
753 1311 826 1383 illic
844 1311 1086 1410 reliquerant„
1105 1309 1275 1385 abierunt
1290 1313 1417 1384 Mano-

320 1413 449 1511 polim,
469 1413 528 1488 ubi
548 1424 635 1486 tunc
654 1423 829 1484 rexerat.
869 1413 940 1500 Qui
961 1413 1117 1486 multum
1137 1413 1273 1486 letatus
1294 1423 1352 1486 est
1371 1413 1416 1486 de
1451 1469 1454 1475 .
1543 1419 1544 1426 ’

319 1513 439 1588 reditu
460 1515 554 1608 eius,
574 1525 610 1587 et
626 1538 711 1586 cum
726 1513 995 1588 honestissime
1010 1514 1233 1588 detinuisset
1248 1539 1335 1588 eum
1350 1537 1422 1612 per

321 1615 461 1714 aliquot
479 1616 573 1713 dies,
602 1613 700 1690 dedit
724 1613 757 1686 ei
778 1614 1058 1712 quatuordecim
1079 1615 1215 1712 mulos,
1240 1627 1416 1689 oneratos

322 1741 412 1790 auro
430 1727 468 1790 et
481 1725 639 1814 argento
655 1726 693 1788 et
708 1713 839 1789 sericis
854 1715 1034 1790 vestibus.
1057 1717 1139 1788 Dux
1154 1741 1243 1790 vero
1258 1717 1417 1790 immen-

322 1842 386 1892 sas
413 1815 554 1916 gratias
579 1840 712 1914 agens⁷
741 1815 859 1890 noluit
883 1817 1068 1915 accipere,
1095 1817 1223 1891 dicens
1243 1821 1288 1891 ad
1309 1843 1416 1890 eum:

259 1985 263 2000 i
321 1917 449 1992 Habeo
466 1918 639 2014 plurima,
665 1915 796 1990 domne
813 1920 874 2014 mi,
899 1919 1079 1991 inveniam
1097 1924 1238 1992 tantam
1254 1921 1422 2015 qratiam
1508 1975 1511 1977 -
1543 1927 1544 1932 ’

321 2024 359 2094 in
374 2018 490 2093 oculis
503 2019 585 2092 tuis.
614 2019 782 2115 Cumque
793 2019 902 2092 nimis
919 2029 1073 2118 cogeret
1086 2031 1234 2116 eum‚et
1245 2019 1306 2093 ille
1317 2020 1419 2092 nulla

322 2123 466 2196 ratione
493 2119 722 2220 consentiret
745 2121 936 2218 accipere,
969 2119 1069 2194 dedit
1093 2133 1309 2194 sanctorum
1335 2121 1419 2193 reli·
1543 2215 1544 2220 ἵ

323 2224 429 2322 q‘uias
450 2223 483 2296 ei
505 2223 640 2296 multas
661 2231 698 2294 et
716 2221 923 2320 preciosas⁷
938 2245 1032 2320 quas
1047 2223 1313 2320 postulaverat.
1349 2224 1423 2294 Ad-

210 2332 213 2342 '
323 2325 411 2399 didit
430 2325 543 2398 etiarn
560 2324 715 2396 multam
734 2323 898 2422 lapidum
916 2323 1170 2422 preciosorum
1191 2322 1362 2421 gloriam,
1384 2333 1421 2394 et

323 2429 374 2502 ita
389 2427 572 2500 valedicto
596 2428 668 2498 dux
686 2425 723 2496 in
745 2425 848 2497 omni
868 2449 961 2524 pace
980 2425 1157 2499 discessit
1176 2437 1214 2498 et
1239 2423 1340 2498 veuit
1360 2423 1419 2494 Ni·
1542 2441 1544 2451 ⁴

324 2554 442 2602 ceam.
484 2527 528 2600 Et
552 2525 711 2599 transito
739 2549 895 2598 nemore
923 2551 1061 2623 magno
1088 2527 1192 2600 venit
1217 2529 1263 2600 ad
1288 2549 1419 2622 regem

324 2632 550 2726 Ungrorum,
578 2625 640 2724 qui
662 2635 752 2698 tunc
770 2625 918 2700 noviter
936 2636 1085 2698 creatus
1105 2639 1185 2700 erat
1205 2639 1241 2700 et
1260 2649 1421 2722 regnum

323 2729 448 2803 fratris
475 2726 697 2827 optinuerat.
740 2725 813 2814 Qui
838 2725 1107 2799 honestissime
1128 2727 1297 2823 suscepit
1322 2750 1423 2820 eum,

325 2836 417 2906 dans
446 2834 480 2904 ei
499 2830 724 2902 conductum
750 2849 820 2924 per
837 2836 977 2899 terram
998 2850 1119 2920 suam,
1148 2837 1185 2899 et
1203 2826 1254 2899 ita
1272 2828 1344 2898 dux
1365 2851 1422 2898 re*

323 2956 458 3006 versus
479 2940 538 3005 est
561 2929 598 3002 in
623 2925 721 3000 fines
741 2951 843 3001 suos
886 2927 976 3001 Post
999 2929 1071 3000 hec
1089 2927 1177 3000 abiit
1195 2929 1240 3000 ad
1260 2927 1422 3026 impera·

324 3047 459 3132 torem,
479 3032 540 3131 qui
558 3041 647 3106 tunc
666 3039 747 3102 erat
764 3029 800 3100 in
821 3028 969 3102 civitate
989 3028 1201 3126 Augusta²3
1228 3027 1266 3102 et
1282 3029 1421 3102 letatus
1441 3117 1444 3122 ¹

325 3147 384 3211 est
409 3135 568 3208 multum
593 3134 640 3206 de
665 3132 827 3203 adventu
851 3128 969 3228 ipsius
990 3139 1028 3204 et
1045 3129 1131 3228 quia
1150 3130 1298 3204 salvum
1317 3129 1422 3201 illum

324 3237 475 3337 recepit.
519 3233 702 3310 Revoluto
721 3242 848 3306 autem
867 3255 965 3304 anno
984 3255 1163 3306 reversus
1183 3242 1242 3306 est
1258 3231 1423 3309 Brunes-

324 3340 437 3430 wich‚
470 3347 508 3410 et
532 3334 634 3409 letati
664 3343 751 3408 sunt
777 3356 911 3406 omnes
939 3331 1050 3406 amici
1078 3332 1230 3407 eiusde
1258 3335 1423 3406 adventu

324 3439 454 3540 ipsius.
499 3439 544 3512 Et
569 3435 699 3509 ditavit
725 3438 878 3507 domum
903 3433 972 3507 Dei
1000 3433 1166 3531 reliquiis
1190 3443 1422 3525 sanctorum,

325 3565 418 3640 quas
443 3561 573 3613 secum
601 3536 789 3630 attulerat,
814 3533 983 3608 vestiens
1012 3558 1082 3608 eas
1097 3559 1187 3608 auro
1208 3544 1245 3608 et
1263 3543 1424 3630 argento

326 3647 364 3716 et
381 3639 563 3739 lapidibus
584 3635 771 3735 pretiosis7
790 3635 889 3708 inter
906 3659 1000 3732 quas
1016 3635 1130 3708 etiam
1146 3643 1253 3708 erant
1270 3633 1423 3707 brachia

325 3741 581 3843 apostolorum
606 3735 745 3835 plura3.
781 3737 836 3809 De
855 3735 1006 3835 optimis
1026 3735 1140 3810 etiarn
1159 3735 1282 3835 palliis
1302 3738 1346 3809 ad
1367 3760 1426 3808 or-

326 3855 455 3918 natum
480 3838 592 3914 divini
617 3836 760 3912 servitii
786 3837 876 3910 fecit
893 3838 1043 3912 casulas
1062 3837 1257 3937 plurimas7
1285 3837 1426 3911 dalma-

325 3946 434 4042 ticas,
453 3940 616 4038 subtilia,
635 3949 673 4014 et
690 3937 838 4013 ornavit
856 3938 1050 4012 ecclesias.
1081 3940 1168 4013 Erat
1182 3951 1310 4013 autem
1324 3939 1423 4030 idem

327 4129 352 4200 1)
372 4124 508 4198 Gallipoli.
575 4123 602 4192 2)
622 4119 653 4176 ln
672 4122 810 4177 nativitate
830 4117 939 4175 Domini
960 4137 985 4174 a.
1008 4119 1080 4174 1172
1097 4119 1244 4192 imperator
1264 4119 1301 4172 itt
1322 4118 1424 4198 curiam

327 4201 480 4270 celebravit,
499 4216 525 4252 v.
544 4195 616 4252 Anu.
642 4194 742 4250 Mellic.
772 4193 880 4250 Contin.
900 4192 1157 4264 Claustroneoburg.
1177 4212 1201 4246 a.
1223 4192 1303 4255 1173,
1323 4191 1354 4244 Τ.
1375 4189 1426 4243 llt.

327 4275 352 4345 3)
372 4273 513 4347 Reliquiae
532 4271 565 4324 ab
586 4267 705 4324 ilenrico
725 4267 816 4324 Leone
840 4267 936 4321 allatae
960 4285 1033 4322 nuno
1052 4285 1161 4340 quoque
1181 4264 1341 4320 llanoverae
1361 4281 1424 4316 ser-

328 4357 434 4404 vantur.
499 4353 502 4365 ¹
