3116 5014
318 437 376 510 ’74
425 433 634 509 ARNOLDl
661 431 900 508 cuuoutcn
926 431 1190 506 stnvonutl.
1232 428 1317 502 LlB.
1345 429 1404 502 lll.

325 657 393 710 sue
421 633 589 731 ulterius,
613 635 673 708 vel
699 645 879 731 cognatos
899 643 963 707 aut
988 643 1095 711 notos
1124 631 1328 732 repedavit,
1357 635 1437 705 sed

322 760 410 810 curu
453 736 642 809 Abraham
686 745 826 807 terram
862 758 969 806 suam
1008 734 1193 830 veraciter
1228 742 1432 831 egressu5‚

314 836 450 910 -omnia
469 861 535 936 pro
555 836 702 912 Christo
720 834 869 934 reliquit
888 846 925 908 et
944 859 1132 908 summam
1153 835 1285 933 premii
1301 859 1324 907 a
1343 835 1428 908 Deo

322 937 568 1037 exspectavit.
603 937 709 1010 Unde
732 947 819 1036 post
841 939 1042 1010 decessum
1057 935 1175 1033 ipsius
1201 935 1428 1034 quibusdam

323 1039 550 1138 spiritalibus
564 1038 738 1136 personis
749 1038 849 1112 Deus
864 1037 1035 1120 revelare
1050 1038 1223 1135 dignatus
1239 1047 1310 1134 est,
1324 1041 1428 1134 quod

298 1150 410 1239 :post
436 1138 546 1212 huius
577 1138 651 1212 vite
689 1138 797 1211 exilia
830 1140 876 1212 ad
904 1137 1039 1238 gaudia
1065 1138 1256 1211 transierit
1286 1138 1430 1238 sempi-

317 1251 440 1313 terna.
475 1239 570 1314 Nam
590 1239 685 1312 infra
709 1251 882 1314 octavam
901 1239 1145 1338 depositionis
1162 1239 1280 1338 ipsius
1297 1239 1428 1313 visum

322 1340 390 1414 fuit
409 1341 532 1416 abbati
550 1365 618 1440 per
636 1341 864 1440 sompnium,
881 1344 979 1440 quod
998 1341 1214 1438 sepulcrum
1234 1342 1314 1414 eius
1334 1365 1428 1440 ape·

316 1443 424 1540 siret,
443 1443 550 1542 quasi
564 1443 601 1516 in
620 1445 754 1516 eodem
774 1452 1018 1515 monumento
1033 1441 1170 1540 aliquid
1185 1441 1429 1542 negligenter

315 1545 463 1618 lactum
496 1544 649 1638 fuisset,
681 1547 778 1642 quod
811 1544 946 1616 mutari
973 1543 1186 1639 debuissetq
1218 1567 1303 1616 cum
1331 1567 1425 1617 ecce

317 1645 523 1744 episcopus
542 1645 673 1719 levans
694 1668 735 1717 se
756 1645 854 1743 cepit
872 1647 1006 1718 sedere
1027 1655 1161 1717 etcum
1179 1667 1317 1742 magna
1337 1669 1425 1742 gru-

321 1746 501 1818 tulatione
517 1746 659 1818 dicere:
681 1744 865 1817 Ecultobo
881 1751 924 1840 te,
937 1744 1102 1841 Domine,
1118 1747 1422 1842 quoniamsusce-

315 1848 407 1941 pisti
431 1871 504 1943 τηε,
536 1870 600 1919 nec
626 1845 812 1918 delectasti
836 1848 1003 1919 inimicos
1026 1869 1126 1918 meos
1147 1869 1256 1940 super
1280 1871 1355 1943 τηε,
1382 1859 1421 1920 et

320 1949 371 2020 ita
400 1971 446 2020 ex
465 1948 593 2021 ordine
613 1947 801 2046 psalmum
823 1945 966 2046 ipsum1
996 1958 1232 2045 prosecutus,
1260 1947 1419 2020 Domino

317 2048 462 2146 gratias
482 2051 628 2146 agebat.
664 2050 708 2122 Et
728 2047 883 2122 veniens
903 2051 948 2120 ad
967 2049 1090 2120 locum
1110 2048 1231 2121 illum:
1266 2049 1419 2122 Conver-

316 2153 395 2222 tisti
413 2149 604 2246 planctum
630 2172 748 2222 meum
765 2148 997 2245 ingaudium
1015 2148 1123 2221 michi
1141 2150 1240 2248 cepit
1265 2175 1285 2222 a
1305 2174 1347 2223 se
1367 2152 1419 2223 di·

321 2251 473 2325 volvere
500 2251 732 2350 panniculos7
760 2275 855 2350 quos
880 2251 917 2322 in
945 2250 1113 2348 exequiis
1141 2261 1353 2350 acceperat,
1381 2263 1422 2324 et

318 2352 465 2427 dicere:
493 2352 690 2426 Concidisti
707 2375 855 2425 soccum
872 2374 1002 2448 τηετττη,
1021 2357 1057 2424 et
1072 2351 1340 2425 circumdedisti
1361 2377 1419 2427 me

315 2453 466 2528 letitiol.
510 2455 663 2526 Etcum
693 2464 997 2526 consummasset
1015 2454 1222 2551 psalmum:
1252 2453 1419 2552 Domine,

317 2554 416 2628 Deus
433 2577 545 2650 meos,
563 2557 601 2627 in
619 2561 780 2626 eternum
798 2554 994 2644 confitebor
1011 2553 1076 2626 tibi
1082 2553 1109 2650 ³,
1128 2553 1232 2627 dixit:
1264 2555 1345 2628 lom
1362 2555 1420 2628 td·

317 2659 429 2729 terius
446 2654 548 2728 cobis
564 2678 638 2728 ηοη
664 2654 807 2752 loqvor,
826 2665 863 2727 et
877 2655 926 2727 ita
945 2655 1145 2727 terminata
1166 2665 1223 2728 est
1243 2657 1346 2730 visio.

392 2757 562 2844 Quodam
579 2755 691 2828 etiam
702 2755 874 2828 monialis
885 2755 920 2826 in
932 2753 1108 2828 llevena⁴
1123 2756 1211 2829 vidit
1222 2756 1258 2828 in
1270 2757 1417 2832 visione

316 2856 386 2930 Dei
417 2857 628 2930 columbam
664 2855 749 2928 nive
780 2855 1031 2928 candidiorem
1063 2857 1190 2930 volare
1221 2858 1259 2931 in
1291 2859 1418 2932 sinum

309 2981 439 3032 suum.
485 2957 567 3046 Que
594 2979 679 3029 cum
706 2956 816 3030 nimis
845 2957 1051 3030 exhilarata
1074 2957 1228 3055 fuisset,
1257 2959 1356 3059 cepit
1382 2961 1418 3034 ei

316 3068 467 3158 pastum
486 3058 634 3132 offerre.
669 3058 751 3146 Que
771 3059 837 3131 ait:
873 3057 955 3130 Νοη
973 3058 1174 3157 comedam,
1192 3063 1417 3157 nequeenim

316 3159 486 3234 columbo
502 3183 584 3233 sum
589 3188 605 3254 ,·
627 3159 692 3232 sed
708 3159 870 3233 mercede
889 3157 1081 3256 conducto,
1101 3160 1223 3233 dicam
1241 3162 1315 3258 tibi,
1333 3165 1415 3260 quis

313 3264 395 3334 sim.
423 3261 489 3334 llla
507 3285 597 3334 vero
616 3257 750 3346 timore
768 3261 965 3360 perterrita
985 3261 1090 3334 dixit:
1125 3261 1204 3358 Dic,
1220 3261 1308 3359 quid
1322 3287 1415 3336 mer-

316 3361 414 3434 cedis
432 3364 599 3459 occipies,
625 3368 665 3434 ut
682 3360 787 3436 dicos
804 3361 902 3458 mibi,
928 3364 1008 3459 quis
1025 3365 1086 3435 sis.
1132 3365 1177 3436 Et
1195 3363 1255 3436 illa
1275 3365 1413 3462 inquit:

316 3461 358 3534 Si
371 3485 438 3556 per
453 3465 652 3535 circuitum
669 3465 757 3536 onni
776 3463 821 3536 ob
839 3465 1052 3536 memoriam
1069 3468 1139 3536 mei
1164 3463 1298 3538 diceris
1313 3465 1414 3561 psai·

314 3586 435 3636 mum:
479 3564 521 3635 ln
548 3567 641 3637 exitu
665 3564 781 3637 Israel
806 3563 851 3637 de
875 3563 1052 3661 Epypto⁵,
1079 3565 1201 3638 dicam
1224 3567 1288 3639 tibi
1313 3565 1414 3664 quod

313 3668 376 3738 nis.
433 3665 601 3763 Cumque
636 3666 707 3738 hcc
738 3665 981 3740 devotissime
1013 3666 1272 3764 promisisset,
1304 3667 1412 3740 dixit:

312 3766 392 3862 Epo
412 3765 516 3840 dicor
527 3767 720 3840 Heinricus
738 3773 773 3838 et
788 3769 844 3854 fui
861 3769 1009 3840 antistes
1026 3771 1064 3840 in
1081 3768 1230 3841 Lubelte.
1264 3769 1329 3844 Cui
1348 3768 1412 3840 illa
1437 3855 1439 3858 Ι

314 3868 447 3966 inquit:
498 3866 564 3939 Ubi
589 3891 685 3940 ηττηε
711 3873 766 3940 est
791 3871 1016 3942 conversatio
1048 3869 1191 3942 vestro?
1244 3870 1315 3958 Qui
1342 3868 1410 3941 ait:

311 3969 407 4041 inter
424 3969 555 4042 choros
578 3967 801 4065 onpelorum.
846 3969 995 4044 Talibus
1017 3970 1162 4046 indiciis
1182 3973 1408 4070 sperandum

314 4080 392 4165 est,
426 4096 512 4145 eum
545 4073 771 4144 consortium
799 4075 993 4145 beatorum
1019 4072 1217 4146 meruisse.
1261 4072 1335 4146 Sed
1361 4095 1435 4160 ne¹

313 4225 337 4296 1)
360 4186 566 4290 esarasojs,
641 4227 798 4294 atiniae
821 4226 862 4282 n.
938 4227 1154 4299 omniumr.
1229 4225 1410 4300 nzuenu
1526 4289 1528 4308 Ι

303 4300 409 4352 ducatu
429 4297 578 4354 Bremensi.
654 4303 679 4372 5)
700 4301 798 4356 Psalm.
821 4301 880 4354 lll.
1327 4333 1329 4338 ,
1526 4321 1527 4326 ¹
