3116 5014
190 429 402 549 nanuum
429 470 674 545 carorum
701 470 967 547 servorun.
995 473 1083 546 mu.
1095 473 1122 546 1.
1167 476 1212 550 15

115 675 210 749 tulit.
245 675 352 763 Quod
371 675 543 750 videntes
561 675 600 750 hi
629 677 752 771 quiin
783 679 938 752 castello
965 689 1085 775 erant,
1110 675 1313 750 navi-¹¹⁷2·-

47 852 50 856 .
116 777 201 856 eula
219 785 384 875 arrepta7
403 801 489 850 eum
509 779 554 848 ad
572 787 713 851 terram
732 788 938 854 traxerunt.
983 779 1213 853 Guncelinus

116 888 245 952 autem
265 888 303 950 et
320 875 488 952 Iordanis
508 877 675 976 dapifer1
695 903 780 954 cum
805 880 886 954 aliis
902 885 1065 955 natando
1082 903 1214 954 evase-

116 989 213 1054 ruut.
245 978 472 1052 Restaurata
496 977 610 1075 igitur
627 1003 726 1053 nave
744 992 1002 1079 pervenerunt
1019 977 1216 1074 Brandiz2,

116 1084 248 1156 urbem
264 1077 366 1176 regis
381 1079 602 1174 Grecorum,
622 1081 682 1154 ubi
698 1081 957 1154 deficientibus
974 1081 1081 1178 aquis
1096 1103 1216 1176 nave-s

115 1180 275 1254 insieco
296 1190 490 1254 steterunt.
551 1180 602 1254 lbi
631 1181 731 1254 enim
756 1183 949 1256 Danubius
970 1186 1217 1257 subterraneo

116 1292 246 1356 meatu
273 1284 472 1378 absorptus
491 1281 530 1354 in
557 1305 709 1355 amnem
734 1283 1003 1380 parvissimum
1028 1283 1226 1356 derivatur·

118 1393 156 1458 et
175 1391 262 1480 post
279 1381 392 1478 longa
411 1391 600 1455 terrarum
620 1383 762 1480 spacia⁷
786 1385 1023 1482 turgentibus
1042 1382 1225 1456 fluctibus

119 1482 317 1578 ebulliens⁷
336 1481 373 1554 in
393 1481 542 1556 Sowam
561 1485 800 1580 protrahitur.
839 1486 993 1559 Relictis
1018 1482 1130 1583 igitur
1155 1507 1227 1554 na*

119 1584 227 1660 vibus
255 1593 475 1658 terrestrem
502 1585 601 1657 viam
627 1585 791 1684 ingressi
823 1587 1059 1660 intraverunt
1085 1605 1227 1658 nemus

120 1683 207 1758 illud
229 1683 436 1758 maximum
457 1695 493 1757 et
511 1686 766 1784 notissimum,
785 1692 882 1787 quod
902 1686 1153 1786 Bulgerewalt
1171 1683 1229 1756 di·-

124 1784 253 1882 citum,
272 1785 333 1858 ubi
349 1787 507 1858 multum
521 1787 789 1862 laboraverunt
811 1799 889 1862 tam
912 1790 983 1889 ipsi
1003 1813 1115 1885 quam
1136 1783 1225 1883 equi·

126 1910 255 1962 eorum
271 1885 306 1960 in
323 1886 576 1983 profunditate
591 1889 762 1986 palustri,
780 1899 816 1962 et
831 1890 1011 1964 destructi
1031 1899 1118 1963 sunt
1137 1884 1225 1983 equi

127 2011 271 2084 eorum,
298 1985 502 2085 plurimum
529 1991 725 2064 trahentes
745 1990 781 2062 in
802 1991 980 2088 plaustris
1001 2002 1039 2063 et
1058 1985 1224 2062 carrucis

127 2089 274 2188 copiam
289 2087 519 2161 victualium.
537 2090 706 2188 Cumque
718 2093 946 2167 creberrime
957 2092 1124 2190 plaustra
1138 2111 1229 2160 con·

127 2201 353 2277 tererenturq
380 2200 418 2262 et
442 2214 590 2264 omnes·
605 2191 719 2264 nimio
738 2192 867 2267 labore
886 2191 1093 2265 deficerent
1111 2191 1147 2262 in
1167 2209 1233 2260 re·-

127 2291 298 2366 ficiendis
315 2301 352 2364 et
362 2292 603 2368 sublevandis
615 2293 783 2366 curribus
799 2303 837 2364 et
847 2316 1070 2390 processum
1082 2289 1226 2362 nullum

128 2396 326 2488 haberent,
361 2417 405 2466 eo
434 2395 532 2490 quod
560 2393 700 2467 dictum
727 2393 874 2490 fuisset,
903 2403 943 2465 ut
968 2416 1040 2464 una
1071 2409 1230 2463 carruca
1297 2408 1301 2416 ·

132 2495 322 2569 confracta
337 2500 476 2566 'omnes
497 2493 761 2589 subsisterent,
784 2495 904 2566 donec
924 2518 967 2566 ea
987 2493 1129 2564 refecta
1149 2511 1230 2561 om·

131 2621 201 2670 nes
228 2594 369 2694 pariter
395 2595 658 2693 procederent,
685 2594 990 2668 animadvertens
1017 2596 1103 2687 dure
1131 2589 1232 2688 quod

132 2701 179 2770 ob
197 2698 339 2770 tedium
356 2695 450 2769 tanti
468 2696 608 2770 laboris
628 2695 782 2769 nimiam
797 2697 969 2770 facerent
987 2717 1131 2767 moram
1147 2714 1231 2789 pro-

133 2796 341 2896 grediendi,
369 2796 538 2896 precepit
564 2808 602 2870 ut
628 2797 768 2870 relictis
787 2796 966 2896 plaustris
985 2792 1159 2868 victualia
1179 2790 1232 2862 iu·

132 2899 272 2972 mentis
287 2897 527 2996 imponerent
545 2909 583 2972 et
601 2900 656 2974 sic
670 2898 825 2972 abirent.
860 2897 1014 2971 Videres
1033 2894 1147 2992 igitur
1164 2893 1238 2964 im·

133 3024 292 3074 mensos
312 3023 470 3073 acervos
488 2999 608 3072 farine
623 2999 826 3098 purissime
844 2999 1047 3096 proiectos,
1066 3019 1160 3069 vasa
1181 2990 1239 3064 vi·

135 3101 242 3174 naria
257 3100 417 3200 plurima
433 3111 472 3174 et
486 3101 650 3174 maxima
665 3100 751 3174 vino
767 3099 878 3198 plena
893 3099 1036 3196 relicta7
1050 3095 1234 3186 carnium,

134 3203 297 3302 piscium
312 3201 588 3276 multitudinem
604 3202 652 3276 ibi
671 3202 884 3299 neglectam
901 3211 938 3274 et
953 3197 1127 3298 quicquid
1147 3191 1240 3267 deli·-

137 3303 279 3376 ciarum
298 3301 510 3376 accuratius
530 3302 598 3376 sibi
618 3302 776 3402 quisque
792 3309 1062 3400 preparaverat
1075 3293 1241 3370 diversis

139 3403 399 3478 condimentis.
1178 3463 1180 3468 ,

241 3505 494 3578 Procedentes
522 3503 635 3601 igitur
662 3505 934 3603 appropiabant
960 3500 1041 3574 urbi
1070 3522 1142 3598 que
1168 3497 1239 3569 lla·

139 3601 471 3701 venelledicitur⁴7
493 3629 565 3703 que
584 3605 619 3677 in
636 3605 760 3678 medio
776 3604 942 3680 nemoris
958 3603 1034 3678 sita
1046 3611 1117 3696 est7
1133 3597 1239 3670 cuius

144 3819 169 3889 1)
189 3815 325 3880 lordonis,
347 3817 452 3888 dapifer
473 3817 559 3882 ducis,
579 3817 662 3872 trater
681 3817 778 3872 losuril
802 3818 835 3871 de
855 3815 1057 3884 Bltulranburg‚
1077 3810 1194 3867 occurrit
1212 3807 1245 3860 in·

143 3891 242 3946 chartis
262 3891 338 3946 ducis
352 3889 475 3946 Heinrici
497 3893 530 3946 de
550 3890 627 3946 anuis
642 3889 832 3944 1158-1191.
894 3890 922 3959 2)
942 3886 1153 3968 Branitsehovuu
1169 3879 1243 3934 Bra-

143 3965 248 4019 nitzero
273 3965 352 4030 urbs,
379 3963 588 4018 connubium
612 3981 666 4018 uon
696 3967 775 4036 longe
801 3964 834 4018 ab
863 3963 932 4017 ostio
957 3961 1084 4018 Morarae
1111 3962 1241 4010 orientem

144 4055 237 4092 versus
257 4036 319 4100 sitm
340 4055 365 4090 r.
385 4036 499 4092 Wiener
517 4037 608 4091 lahrb.
629 4036 647 4091 l.
662 4037 679 4090 l.
700 4055 725 4108 p.
742 4037 800 4090 30s
823 4076 829 4090 .
923 4033 950 4107 3)
970 4033 1080 4088 Dendra
1100 4030 1156 4083 sive
1175 4027 1242 4080 silva

144 4110 324 4182 Balgarorum
346 4110 446 4164 dictum
468 4120 508 4166 est
527 4109 690 4166 territorium
712 4109 780 4164 iuter
799 4054 917 4179 flelgrad
936 4116 964 4162 et
982 4103 1075 4170 Nissa,
1098 4104 1125 4156 in
1145 4118 1199 4187 quo
1219 4109 1246 4154 et

145 4183 262 4238 Brandiz
282 4184 331 4237 rita
352 4183 413 4238 luit.
487 4183 514 4254 4)
535 4180 658 4238 Castrum
678 4181 742 4237 olim
762 4182 843 4236 situm
863 4191 921 4236 erat
937 4197 1023 4252 prope
1043 4185 1244 4237 monasterium,

146 4259 219 4330 quod
245 4255 380 4311 Ravaniza
407 4257 515 4320 dicitur,
542 4255 587 4310 ubi
615 4255 713 4310 lluvius
737 4255 844 4311 Ravana
872 4254 927 4308 sive
952 4251 1086 4307 Ravauiza
1105 4249 1248 4305 Moraram

144 4331 246 4396 induit,
267 4347 282 4383 a
302 4327 397 4384 Tureis
418 4329 498 4384 hodie
518 4327 639 4400 Tjuprija
660 4338 779 4395 vocatur,
800 4347 824 4384 v.
837 4327 928 4383 wien.
948 4325 1039 4381 lahrb.
1058 4325 1077 4378 l.
1087 4324 1105 4379 1.
1125 4341 1151 4394 p.
1162 4319 1250 4391 37sq.
