3116 5014
176 431 385 506 annuunt
413 433 655 508 coronica
680 433 950 509 SLAVORUM.
992 436 1078 510 LIB.
1106 438 1148 512 lt.
1202 441 1249 514 39

147 633 274 707 verbis
294 633 533 730 imperatoris
552 631 669 706 omni
676 635 823 708 honore
843 660 931 710 eum
955 637 1205 735 pr'ivandum
1196 664 1250 714 ru·

141 735 331 829 dicabant
360 745 398 806 et
417 757 523 806 neum
551 735 791 832 imperatorie
811 737 1023 812 maiestatis
1040 739 1248 852 proclama·

142 838 246 930 bant
274 859 347 906 non
379 835 515 906 sotum.
508 835 629 928 quia
657 848 834 934 precepta
862 839 922 910 vei
955 839 1096 912 monita
1126 839 1246 937 ipsius

140 936 396 1048 despexisset
421 937 487 1007 sed
507 938 605 1031 quod
625 936 727 1008 ad'tr
689 937 936 1034 ignominiam
956 939 1125 1012 omnium
1145 939 1244 1038 prin-

137 1035 267 1132 cipum
285 1036 320 1108 in
343 1035 489 1132 propria
511 1059 597 1110 eum
619 1061 781 1134 persona
801 1039 1038 1112 humiliatum
1056 1040 1244 1114 confudis-

6 1187 8 1230 2
140 1147 211 1209 set
253 1138 299 1208 Et
317 1135 377 1207 aiii
397 1146 509 1249 atque
529 1135 590 1209 alii
609 1161 651 1210 se
671 1137 846 1252 ingerent
849 1163 889 1213 es
831 1138 995 1213 titias
1012 1140 1073 1213 vet
1089 1140 1174 1214 ilias
1193 1145 1240 1216 ab

6 1275 8 1280 ·
135 1259 185 1307 eo
209 1236 278 1308 sibi
302 1235 456 1308 illatas
447 1235 601 1309 iniurias
617 1239 812 1351 conquesti
831 1240 983 1313 fuorunt
1002 1251 1040 1316 et
1057 1240 1238 1318 iustitiam

137 1336 207 1408 sibi
233 1335 313 1408 fieri
338 1335 472 1409 iudicio
498 1336 735 1434 imperatoris
756 1340 1099 1436 expostulaverunt.
1144 1341 1237 1414 Pon-

131 1434 255 1508 tifices
275 1447 363 1524 ante
383 1459 517 1509 omnes
542 1438 788 1511 ecclesianam
808 1441 1077 1538 oppressiones
1098 1441 1236 1513 clama·

6 1607 7 1612 ,
131 1541 234 1632 hant
246 1537 394 1609 nuliam
415 1537 494 1609 fere
514 1538 715 1612 ecclesiam
735 1551 931 1637 expertem
948 1565 1037 1614 esse
1051 1541 1234 1654 dicentes,

125 1661 204 1736 que
224 1637 306 1710 eius
331 1637 529 1734 direptioni
548 1663 623 1710 non
648 1639 870 1713 subiaceret.
913 1642 1024 1714 Facta
1044 1650 1103 1714 est
1120 1641 1234 1736 igitur

129 1737 338 1810 coniuratio
355 1738 476 1810 valida
491 1741 673 1812 adversus
689 1763 787 1812 eum.
812 1741 952 1816 Cesar
942 1751 1068 1838 itaque
1085 1741 1320 1836 videns71177,

126 1838 166 1910 ei
185 1837 372 1936 principes
392 1837 578 1910 intentare
599 1840 753 1986 malum,
780 1841 897 1945 multa
919 1865 1012 1914 usus
1032 1843 1230 1938 prudentia

127 1949 247 2011 toturn
272 1939 318 2010 ad
341 1937 613 2010 deiectionem1
641 1939 759 2037 ipsius
788 1937 981 2038 ingenium
1008 1941 1231 2038 impendere

125 2039 238 2136 cepit.
272 2037 662 2151 Animadvertensque
681 2043 779 2137 quod
800 2042 908 2114 facilc
925 2065 1011 2113 eum
1032 2044 1228 2114 destruere

123 2163 203 2210 non
217 2137 379 2235 possit⁷
370 2141 544 2211 admovet
564 2163 698 2212 omnes
713 2140 911 2213 calliditate
917 2120 1046 2236 dolos,
1066 2151 1103 2212 et
1114 2165 1227 2238 quem

6 2239 7 2274 ³
125 2239 266 2312 viribus
287 2262 505 2334 expugnare
529 2239 730 2334 diffidebat,
758 2241 943 2337 sapientia
963 2243 1115 2312 admota
1135 2265 1227 2336 pau·

6 2359 8 2432 j
123 2338 230 2410 latim
268 2362 382 2412 manu
416 2338 593 2412 evincere
621 2340 819 2435 cogitabat.
866 2339 1140 2412 Reconciliatus
1169 2350 1227 2412 est

122 2439 241 2514 ctiam
258 2449 349 2512 tunc
366 2462 464 2548 pape
477 2438 712 2511 Alexandro²
730 2439 920 2511 mediante
935 2438 1103 2536 Philippo
1118 2440 1225 2552 Colo·

124 2539 262 2634 niensi,
290 2549 328 2610 et
355 2562 456 2634 eum,
485 2537 543 2609 cui
571 2539 631 2612 diu
660 2542 883 2612 adversatus
912 2539 1046 2633 fuerat
1069 2549 1158 2610 tuuc
1185 2538 1222 2610 in

123 2663 218 2736 pace
238 2637 393 2734 recepit
418 2648 457 2710 ut
485 2639 647 2735 undique
670 2637 817 2712 firmata
845 2651 952 2738 parte
971 2662 1053 2735 sua⁷
1075 2639 1223 2713 facilius

6 2733 8 2754 ³
120 2741 221 2836 quod
242 2739 391 2810 volebat
409 2737 617 2834 perficeret.

199 2841 232 2912 3.
251 2837 305 2910 Dc
324 2837 574 2912 diminucione
591 2841 783 2912 scismatis.
825 2841 933 2912 Anno
952 2839 1220 2912 incarnationis

7 2961 8 2966 ’
120 2938 270 3014 Domini
286 2938 403 3010 nostri
418 2939 530 3012 lhesu
549 2943 655 3014 1177.
673 2938 841 3036 respexit
858 2939 1040 3012 Dominus
1060 2942 1106 3012 de
1126 2939 1219 3012 solio

122 3063 190 3112 suo
219 3039 370 3112 excelso
400 3063 516 3135 super
541 3037 638 3112 iiiios
664 3039 874 3132 hominum,
899 3049 936 3111 et
962 3049 1066 3112 ortus
1096 3051 1155 3112 est
1181 3040 1219 3111 iu
1313 3123 1317 3134 Ι

120 3139 283 3212 secusia
299 3137 367 3212 Dei
384 3139 464 3212 dies
481 3139 718 3212 exultationis
737 3150 773 3212 et
785 3138 915 3232 letitie,
934 3150 1109 3210 cessante
1128 3139 1220 3210 scis·
1287 3189 1289 3193 -

104 3249 220 3313 ¹mate
249 3241 347 3338 quod
374 3239 505 3352 viginti
531 3263 651 3312 annos
672 3239 872 3318 ecclesiam
891 3237 1155 3334 dissipaverat
1181 3249 1219 3311 et

117 3339 217 3412 faeta
244 3350 303 3414 est
320 3363 395 3438 pax
407 3339 510 3412 inter
527 3363 687 3435 regnum
709 3349 746 3411 et
764 3337 1018 3412 sacerdotium
1036 3347 1075 3410 et
1093 3339 1216 3412 unitas

117 3439 155 3512 in
186 3442 278 3514 sede
310 3439 531 3537 apostolica,
556 3449 594 3512 et
626 3441 835 3512 coadunata
867 3449 926 3511 est
957 3437 1120 3512 ecclesia
1147 3443 1215 3512 sub

6 3567 8 3632 j
115 3539 343 3633 Alexandrop
358 3549 395 3612 et
414 3540 554 3612 iactum
574 3549 763 3612 estunam
778 3539 875 3611 ovile
890 3548 928 3612 et
941 3563 1038 3611 unus
1052 3537 1216 3638 pastor.3

115 3639 382 3713 Meroenariis
373 3650 500 3737 itaque
516 3639 659 3736 eiectis
682 3639 762 3711 veri
777 3649 949 3738 pastores
965 3639 1110 3712 reversi
1129 3651 1217 3712 sunt

116 3742 163 3812 ad
184 3741 311 3812 caulas
331 3739 459 3814 ovium
478 3763 643 3812 suarum.
681 3739 784 3812 Inter
802 3739 1111 3852 quos'Odeiricus
1130 3739 1216 3812 Hal·

15 3902 17 3906 ,
112 3840 373 3914 vorstedensis
406 3839 627 3913 auctoritate
655 3839 863 3953 apostoliea
889 3849 1069 3912 reversus
1095 3838 1215 3912 estin

112 3941 246 4012 sedem
274 3963 394 4012 suam.
439 3940 514 4014 Sed
542 3948 580 4012 et
604 3963 740 4014 manus
768 3939 992 4052 inperatoris
1022 3939 1215 4038 cumipse

114 4049 209 4136 er‚at
236 4041 279 4111 in
293 4040 466 4114 omnibus
495 4041 712 4112 confortans
742 4063 841 4113 eum.
884 4038 1017 4114 Statim
1036 4039 1150 4138 igitur
1167 4043 1215 4113 ad

115 4191 195 4261 1)v.
215 4191 306 4248 Helm.
325 4193 344 4248 1.
358 4192 380 4248 l.
401 4211 423 4246 c.
441 4193 533 4250 7..n0t
595 4194 623 4264 2}
642 4192 700 4247 Pax
718 4193 875 4288 confirmata
896 4201 979 4247 osta.
999 4191 1078 4294 1177.
1099 4193 1149 4248 Ιιι.Ι
1168 4194 1215 4251 24.

109 4263 140 4334 3)
160 4263 210 4320 Er.
232 4265 344 4321 lohann.
366 4265 407 4330 to,
425 4265 451 4320 6.
