3116 5014
191 449 402 529 ARNOLDI
430 451 671 529 CHRONlCA
696 451 965 528 stnvottbu.
1008 451 1092 526 LlB.
1113 451 1138 527 1.
1191 449 1238 528 27

139 663 411 754 consumptum
439 653 586 751 fuisset,
610 653 787 752 princeps
816 653 960 728 castelli
985 653 1084 728 tedio
1109 651 1331 736 diutinittta

136 755 278 830 laboris
312 754 490 852 fatigatus
518 755 764 828 Teutonicum
792 759 999 854 quendam,
1036 776 1148 852 quem
1179 754 1240 828 diu

141 855 305 930 carceris
326 855 952 953 inclusionetormentave1·ut5secit
967 880 1096 930 muros
1108 879 1240 932 ascen·

141 960 241 1032 dere.
285 956 356 1045 Qui
375 958 521 1032 locutus
542 968 599 1030 est
618 959 664 1031 at
684 960 817 1032 ducem
838 969 876 1031 et
894 961 939 1031 ud
959 957 1138 1054 populum
1157 957 1240 1052 bet,

141 1058 292 1134 dicens:
321 1057 398 1132 Hec
413 1057 503 1130 dicit
513 1061 702 1154 princeps:
730 1057 826 1148 Quid
843 1065 905 1155 eu,
924 1057 1024 1156 qaod
1037 1063 1140 1132 lanto
1155 1064 1241 1132 tem·

134 1183 230 1254 pore
259 1161 297 1231 ia
324 1157 512 1234 obsidione
539 1159 722 1234 laboratis
746 1166 783 1232 et
809 1164 897 1248 fines
922 1183 1022 1234 meos
1049 1163 1145 1232 eaire
1167 1183 1242 1234 non

141 1259 275 1336 vullis?
307 1259 401 1332 Ecce
419 1267 581 1336 castrum
605 1283 813 1357 eapupnure
837 1285 911 1334 aon
934 1263 1097 1356 potestis,
1127 1258 1193 1334 sed
1210 1261 1244 1332 si

134 1360 262 1456 placet
277 1358 385 1434 baius
403 1360 495 1434 mali
511 1366 617 1452 finem
635 1365 795 1450 facialis.
820 1361 1031 1438 Procedant
1041 1361 1127 1458 duo,
1146 1383 1241 1434 auus

142 1485 186 1536 ea
202 1464 338 1534 nostris
356 1466 392 1534 'et
407 1485 501 1536 unas
523 1466 723 1559 excestra,
750 1461 910 1539 duellam
927 1467 1075 1538 interce
1092 1465 1241 1536 miscea-

145 1569 209 1658 tes,
228 1569 265 1636 ct
278 1565 311 1635 si
328 1565 455 1636 uicerit
468 1571 593 1660 uester,
612 1588 681 1638 aas
695 1564 865 1638 dabimus
879 1563 1067 1638 castellum
1082 1562 1242 1637 eidnec·

139 1661 280 1738 demus.
326 1663 368 1736 st
390 1687 474 1738 uero
500 1671 622 1740 auster
645 1669 838 1740 victoriam
857 1665 1012 1762 adeptus
1028 1667 1151 1760 fuerit,
1177 1687 1243 1738 uos

6 1771 8 1782 '
137 1767 218 1838 uae
243 1787 351 1839 mora
375 1771 513 1838 terram
538 1773 705 1840 nosbam
737 1771 882 1842 eaeatis.
927 1767 1068 1840 Placuit
1095 1766 1178 1840 duci
1205 1775 1244 1838 et

144 1868 317 1954 omnibus
342 1869 439 1964 quod
464 1868 619 1962 dixerut
646 1879 683 1942 et
709 1867 899 1944 firmatum
927 1879 986 1942 est
1013 1894 1059 1942 ex
1085 1879 1242 1964 utraque

143 1979 264 2066 parte,
289 1977 329 2040 ut
348 1993 572 2068 quocunque
592 1994 634 2043 se
654 1995 737 2044 sors
758 1971 967 2066 obtulisset,
986 1971 1084 2069 quod
1103 1969 1243 2042 dictum

6 2133 8 2138 .
143 2079 226 2145 eret
254 2069 463 2143 certissime
483 2081 684 2146 teneretur.
723 2072 859 2145 Habuit
877 2082 1002 2146 eutem
1027 2075 1099 2148 dux
1123 2071 1244 2143 Gode·

144 2169 261 2244 fridus
295 2193 448 2244 servum
480 2175 668 2269 quendum
701 2196 857 2271 corpore
890 2172 1066 2267 validum,
1100 2181 1243 2244 statura

144 2273 366 2370 procerum,
393 2272 497 2344 vultu
528 2273 743 2370 elegantem
769 2274 895 2370 nisum,
919 2273 1064 2346 Heliam
1091 2272 1243 2366 dictum,

141 2396 273 2470 quem,
295 2397 389 2470 pace
413 2373 596 2470 condicta,
616 2373 717 2448 misit
741 2373 776 2445 in
801 2379 931 2448 urbem
954 2378 998 2446 ad
1023 2371 1243 2472 principem7

8 2537 9 2540 ,
57 2499 64 2511 ·
143 2473 284 2548 certius
298 2472 413 2546 linem
429 2474 482 2546 rei
500 2474 626 2548 iacere
641 2475 797 2573 cupiens
818 2485 855 2548 et
873 2475 972 2548 diem
992 2473 1243 2548 determinare

148 2574 322 2672 explendi
341 2575 464 2649 duelli.
496 2575 634 2650 Videns
650 2587 776 2650 anilem
792 2577 968 2676 princeps
984 2575 1050 2650 vini
1069 2584 1245 2648 venusta·

143 2684 244 2772 tem,
267 2676 434 2775 corporis
459 2677 757 2773 immanitatem,
782 2682 1037 2752 membrorum
1065 2674 1245 2753 fortitudi-

7 2785 18 2868 j
146 2800 248 2874 nem‚
267 2788 448 2874 reputans
470 2779 612 2850 nullum
632 2804 785 2852 suorum
806 2781 839 2852 ei
859 2780 998 2853 viribus
1019 2775 1244 2877 equiperari,

147 2879 376 2976 complacuit
394 2878 462 2952 sibi
483 2880 518 2952 in
537 2881 613 2975 ibo,
640 2891 677 2954 et
696 2880 845 2979 cognita
873 2881 1062 2978 legatione
1083 2877 1172 2952 uixit
1198 2879 1244 2950 ad

146 3003 255 3052 eum:
289 2979 367 3052 oa
382 2980 624 3075 complaceret
636 2982 700 3054 tibi
716 3005 863 3055 manere
879 3005 1019 3054 mecum
1037 2987 1073 3053 et
1088 2977 1246 3052 condicti

30 3157 33 3162 ,
146 3079 260 3154 duelli
271 3105 343 3175 pro
369 3103 424 3154 me
449 3087 629 3156 certamen
653 3085 754 3156 inire.
796 3085 843 3156 At
861 3082 941 3155 ille:
984 3080 1090 3177 Quia,
1114 3079 1245 3176 inquit,

147 3179 256 3270 dabis
279 3181 377 3278 mibi,
400 3187 443 3254 ut
456 3183 598 3270 faciam
620 3182 720 3280 qaod
746 3181 848 3257 dicis.
905 3183 976 3270 Qui
995 3183 1101 3256 dixit:
1137 3179 1245 3252 Dabo

149 3282 214 3354 tibi
231 3281 424 3355 dimidium
449 3291 542 3358 terre
559 3309 635 3356 mee
656 3284 821 3373 etlilium
838 3307 957 3357 meam
976 3282 1157 3378 copulabo
1182 3280 1247 3354 tibi

147 3387 185 3455 et
200 3386 299 3456 omni
314 3382 452 3457 bonore
470 3391 502 3458 tc
519 3385 737 3460 sublimabo.
775 3388 820 3460 Et
838 3385 920 3458 ille:
947 3385 1023 3458 Fac
1040 3392 1082 3458 ut
1102 3383 1246 3456 locutas
1381 3387 1384 3395 '

146 3506 197 3580 es,
222 3490 258 3556 et
267 3485 443 3581 pupaabo
464 3510 533 3580 pro
554 3493 597 3560 te.
636 3487 729 3560 lnito
745 3487 859 3586 igitur
876 3486 1017 3582 federe,
1038 3485 1165 3561 Helius
1185 3489 1247 3558 ab·

148 3585 384 3660 renunciavit
402 3587 549 3662 Christo
574 3599 611 3661 et
633 3587 814 3662 affinitate
841 3589 1060 3661 coniunctus
1081 3597 1140 3661 est
1157 3609 1247 3684 gen-

148 3684 216 3783 titi,
231 3697 269 3760 et
283 3687 370 3760 lacti
386 3699 473 3762 sunt
488 3713 552 3762 cor
565 3715 682 3764 unum
698 3701 735 3764 et
748 3691 875 3764 anima
889 3714 963 3762 una
974 3687 999 3762 ¹.
1023 3691 1106 3763 Dux
1120 3698 1247 3760 autem

151 3786 367 3884 mirabatur,
387 3790 474 3887 quid
493 3793 539 3866 de
558 3815 603 3864 eo
622 3792 763 3866 factum
779 3792 926 3887 fuisset,
945 3789 1122 3864 nesciens
1138 3789 1169 3862 si
1184 3798 1249 3860 eut

149 3887 361 3986 captivatus
388 3902 505 3988 esset,
532 3893 592 3966 vel
617 3893 722 3968 cuius
748 3894 803 3966 rei
828 3891 948 3990 gnatia
969 3915 1044 3964 non
1062 3888 1247 3963 rediisset

148 3990 245 4065 Cum
265 4014 354 4064 ecce
375 4017 447 4063 una
462 3993 605 4066 dierum
621 3994 810 4092 predictus
825 3993 886 4066 ille
899 3990 1127 4079 Teutonicus
1143 4001 1247 4064 stans
1454 4056 1463 4065 .

149 4092 188 4164 in
216 4116 324 4164 muro
351 4093 598 4190 proclamavit
624 4097 668 4168 ad
694 4097 829 4168 ducem
858 4104 896 4168 et
918 4097 963 4166 ed
989 4092 1179 4192 principes
1198 4093 1291 4165 ‹ti-1
1416 4157 1418 4162 .

150 4215 262 4266 cens:
304 4193 382 4265 Hec
407 4193 565 4267 mandat
580 4195 750 4270 dominas
771 4217 881 4268 meus.
925 4193 998 4266 llla
1023 4192 1081 4268 elie
1107 4193 1249 4268 elbora

152 4326 178 4400 l)
197 4329 327 4384 Actorum
346 4328 372 4394 4,
389 4330 432 4383 32.
