3116 5014
159 427 369 505 annonul
396 421 641 500 CHRONlCA
667 420 933 498 SLAVORUM.
977 421 1065 497 ΠΒ.
1083 425 1141 498 lll.
1196 425 1242 496 73

142 631 274 707 mortis
293 628 449 704 articulo
475 625 669 700 consolata
690 625 814 719 fuerit,
840 649 953 723 quem
974 637 1052 700 tarn
1067 619 1334 700 devotionum.

144 741 298 832 ¹semper
311 729 524 804 ministrum
540 725 678 802 habuit.
709 727 799 800 Post
816 728 862 799 de
882 737 1000 801 stratu
1017 727 1165 802 levatus
1184 754 1245 802 su·
1267 725 1271 736 '

142 860 212 935 per
230 831 391 910 cilicium
410 827 617 927 depositus,
632 837 670 900 et
686 827 740 900 sic
754 837 966 901 extremum
984 829 1140 903 trahens
1153 831 1245 903 holi-

28 951 29 956 ’
142 949 224 1012 tum
253 937 287 1010 3.
313 933 392 1006 Kal
418 927 638 1004 Decembris
671 927 708 1000 in
734 941 829 1028 pace
855 929 1015 1004 reddidit
1038 929 1320 1029 spiritum¹.u0v.

143 1038 259 1115 Cuius
280 1057 415 1132 corpus
434 1031 470 1103 in
486 1030 620 1102 eodem
634 1031 878 1126 monasterio,
898 1034 996 1129 quod
1014 1032 1097 1130 ipse
1116 1033 1246 1121 sundra.
1262 1020 1308 1078 ²⁹·

142 1148 264 1234 verat,
282 1146 382 1208 terre
401 1129 636 1206 reconditum
653 1141 724 1228 est,
739 1131 864 1204 invitis
879 1142 1007 1206 tamen
1023 1134 1246 1232 quibusdam

28 1281 30 1294 ›
145 1251 185 1314 et
203 1231 555 1330 contradicentibus,
586 1231 759 1330 quicum
785 1233 933 1306 deterre
953 1239 1184 1309 conabantur
1207 1236 1245 1308 in
1294 1310 1296 1314 ,

144 1339 277 1414 maiori
306 1334 468 1410 ecclesia
495 1334 768 1408 tumulandum.
816 1334 889 1408 Sed
912 1337 1015 1409 Deus
1042 1360 1129 1409 eum
1156 1347 1245 1410 voto

28 1511 29 1528 2
145 1465 215 1516 suo
235 1440 415 1512 frustrare
434 1434 564 1530 noluit,
590 1434 675 1532 quia
695 1459 779 1508 oum
805 1435 842 1508 in
863 1439 995 1510 eodem
1016 1437 1246 1511 monasterio

143 1549 348 1639 egrotaret,
372 1537 510 1612 ibidem
534 1535 656 1608 etiam'
667 1535 898 1634 sepulturam
926 1537 1159 1638 desiderans,
1178 1539 1246 1614 ait:

140 1643 222 1716 Hoc
239 1642 379 1737 requies
396 1661 478 1710 mea
495 1639 533 1710 in
550 1636 712 1712 seculum
728 1637 851 1734 occuli,
868 1639 927 1712 bic
943 1637 1130 1736 habitabo,
1158 1664 1246 1739 quo·

140 1747 246 1818 niam
264 1741 352 1837 elepi
369 1737 485 1812 cumb
1077 1803 1079 1806 ,
1307 1819 1310 1824 ,

221 1843 335 1918 Cuius
346 1841 511 1914 animam
528 1837 565 1910 in
576 1850 678 1912 sorte
695 1851 911 1914 sanctorum
929 1852 967 1914 et
980 1845 1176 1916 beatorum
1192 1867 1250 1916 re·

142 1953 314 2044 putatam
327 1941 534 2016 oredimus:
554 1939 637 2038 quia
651 1944 697 2016 ab
711 1941 803 2040 ipsis
813 1942 1017 2040 puerilibus
1028 1944 1136 2018 annis
1147 1944 1249 2020 Chri-

144 2057 342 2119 stumoum
353 2053 506 2116 secutus
523 2041 747 2136 esset,circa
759 2054 899 2116 etatem
911 2043 1249 2143 vigintiannorum,

143 2150 223 2220 iam
243 2145 467 2218 adolescens
487 2143 622 2239 factus,
646 2142 775 2218 relicto
801 2143 921 2216 studio
936 2145 1159 2240 Parisiensi,
1176 2157 1250 2220 ter·

143 2272 229 2322 ram
259 2245 462 2319 nativitatis
493 2267 561 2316 sue
590 2244 800 2340 egreditur,
830 2245 1067 2318 brabantiam
1094 2246 1250 2340 scilicet,

143 2347 234 2448 quia
251 2350 296 2420 de
310 2347 443 2420 Rrosle
463 2343 613 2418 civitate
632 2343 809 2417 oriundus
826 2356 916 2418 erat.
946 2347 989 2419 llt
1003 2347 1161 2420 veniens
1177 2346 1251 2420 llil·

143 2455 319 2546 densem,
343 2447 428 2546 quia
451 2445 488 2518 in
511 2445 652 2518 artibus
678 2449 774 2519 bene
795 2447 1019 2544 profecerat,
1039 2448 1162 2522 scolas
1186 2447 1252 2522 ibi·

28 2575 32 2583 ·
143 2555 235 2625 dem
261 2551 450 2648 regendas
477 2556 687 2644 acceperat.
736 2548 905 2646 Cumque
932 2573 1001 2647 per
1029 2559 1179 2648 ternpus
1202 2549 1308 2624 ibi''
1407 2577 1410 2582 Α

144 2651 330 2747 stetisset,
348 2649 416 2722 Dei
430 2659 521 2722 nutu
542 2647 643 2724 venit
656 2647 912 2744 Bruneswich,
932 2661 968 2723 et
987 2649 1250 2724 nichilominus
1268 2677 1272 2688 ·

28 2779 29 2796 ³
145 2753 197 2828 ibi
208 2752 397 2828 scolarum
413 2773 541 2822 curam
557 2749 726 2848 suscepit
739 2754 1002 2848 regendarum.
1021 2753 1251 2826 Procedente

28 2861 30 2868 ’
145 2863 276 2928 autem
291 2863 464 2950 tempore
488 2851 592 2924 febre
608 2860 730 2924 tactus
754 2853 938 2926 decubuit.
973 2853 1014 2926 ln
1036 2853 1251 2927 infirmitate

147 2950 277 3028 autem
305 2953 448 3053 positus
476 2951 551 3024 tale
577 2950 667 3040 vidit
691 2953 917 3051 sompnium.
955 2953 1112 3028 Videbat
1129 2955 1250 3028 virum

146 3079 349 3156 procerum
371 3053 476 3127 valde
505 3063 541 3126 et
568 3052 796 3127 horrendum
816 3078 903 3128 sese
923 3056 1142 3152 agitantem,
1169 3056 1252 3154 ipse
1345 3101 1350 3112 ι

147 3181 240 3233 vero
260 3155 422 3254 fugiens,
436 3153 539 3226 venit
553 3155 599 3226 ad
612 3151 767 3226 fluvium
782 3155 1024 3252 latissimum,
1038 3180 1151 3254 quem
1166 3179 1252 3228 cunr

147 3268 305 3360 propter
328 3256 503 3330 timorem
525 3253 701 3352 predonis
726 3255 852 3328 infesti
880 3257 1039 3344 anhelus
1063 3257 1253 3353 transiret,

28 3441 29 3444 Ἴ
150 3360 256 3434 venit
274 3361 320 3432 ad
340 3355 612 3430 monasterium
631 3355 729 3430 beati
748 3356 883 3453 llgidii,
902 3361 999 3455 quod
1020 3382 1105 3430 cum
1120 3358 1254 3432 intras-

150 3471 224 3558 set,
244 3473 377 3532 manus
397 3456 629 3554 insequentis
649 3456 787 3530 inimici
808 3457 937 3530 evasit.
981 3459 1170 3557 Evigilans
1187 3459 1253 3558 igi·

28 3599 29 3610 ³
149 3573 212 3636 tur
235 3570 273 3634 et
293 3559 416 3633 divine
443 3557 641 3633 clementie
668 3557 766 3631 circa
791 3582 834 3632 se
857 3559 1140 3658 dispositionem
1169 3583 1254 3634 sen·

152 3663 264 3760 tiens,
280 3683 368 3734 mox
388 3662 433 3733 ad
452 3658 723 3732 monasterium
747 3659 843 3732 beati
867 3661 986 3758 Egidii
1003 3663 1195 3736 deducitur
1218 3672 1255 3734 et

150 3773 370 3837 tonsuratus
384 3760 513 3835 habitu
529 3760 740 3834 monachali
758 3761 921 3835 induitur
936 3773 974 3836 et
987 3761 1255 3837 febriuminlir-

152 3863 283 3938 mitate
302 3873 492 3959 cessante,
510 3887 530 3934 a
554 3860 727 3935 fluctibus
743 3863 969 3936 secularium
989 3874 1255 3963 tempestatum

153 3965 321 4063 eripitur,
345 3974 382 4068 et
1059 3990 1076 4067 s·

203 4066 265 4141 Sic
284 4065 494 4138 monachus
514 4064 649 4160 lactus,
669 4064 843 4138 monachi
863 4065 1028 4162 vigilavit
1046 4066 1082 4138 in
1102 4076 1221 4141 actus.

141 4167 242 4265 Nec,
271 4167 368 4240 sicut
399 4165 622 4262 quibusdam
646 4165 761 4239 moris
789 4176 860 4263 est,
884 4175 1026 4240 terram
1053 4164 1256 4272 nativitatis

28 4289 30 4370 ἶ
153 4303 177 4374 1)
198 4301 283 4369 oniti,
302 4312 333 4357 ut
351 4302 467 4366 videtur,
487 4320 557 4358 anno
580 4301 660 4359 naa
733 4303 761 4377 2)
781 4300 880 4359 esaim.
903 4302 962 4369 no,
986 4303 1026 4359 14.
