3116 5014
284 482 307 552 6
441 475 652 550 ARNOLDI
679 475 924 551 CHRONICA
952 475 1220 570 SLAVORUM.

285 679 474 772 commisit,
494 677 680 774 exquibus
697 676 797 774 qaod
815 676 860 750 de
874 680 1112 750 coronatione
1125 676 1298 750 Saladini
1315 701 1381 750 nu·

283 786 395 875 petar
408 781 641 871 potissimam
658 781 789 852 mirari
807 777 987 850 debemus.

386 879 582 952 Praeterea
617 877 760 951 litteras
795 877 978 975 quasdam
1021 877 1190 952 chronico
1230 881 1382 951 inseruit

284 1003 375 1054 suae
393 981 525 1052 aetatis
542 978 732 1053 historiam
758 986 795 1052 et
818 1003 876 1051 res
901 985 1023 1074 pestus
1047 977 1281 1074 illustrantes,
1309 977 1332 1050 l.
1351 979 1379 1051 Ι.

285 1078 439 1174 capituli
456 1079 668 1162 Lubicensis
683 1078 735 1151 ad
751 1080 963 1152 Heinricum
982 1077 1130 1151 electum
1148 1080 1381 1152 lubicensem

285 1180 409 1275 datas,
429 1179 451 1250 l.
471 1181 493 1252 1
496 1180 530 1252 V.
551 1179 739 1254 Clementis
760 1203 884 1273 papae
900 1179 963 1251 111.
990 1178 1183 1271 epistolam
1210 1178 1262 1251 ad
1279 1203 1381 1273 erpe-

286 1279 458 1352 ditionem
489 1284 527 1352 in
559 1288 696 1354 terram
725 1287 894 1354 sanctam
919 1277 1132 1367 faciendam
1165 1278 1381 1375 hortantem

224 1395 228 1408 ’
285 1381 309 1453 l.
326 1379 378 1453 Vl.
399 1379 495 1454 duas
508 1380 685 1455 Balduini
703 1380 872 1454 derebus
891 1405 915 1453 α
933 1380 1381 1475 crucesipnatisConstan·

285 1481 440 1575 linopoli
455 1485 566 1578 pestis
585 1508 619 1555 α.
644 1486 737 1558 1203
766 1489 799 1555 et
829 1485 937 1576 1204,
956 1480 979 1553 l.
997 1480 1066 1552 Vll.
1096 1479 1192 1554 duas
1208 1482 1382 1553 Innocen-

286 1585 326 1656 tii
342 1583 406 1654 111.
421 1603 546 1676 papae
573 1582 625 1655 ad
645 1584 811 1657 Ottonem
828 1581 850 1654 Ι
853 1581 887 1654 V.
915 1605 1035 1676 nepem
1059 1580 1193 1675 datas,-
1221 1581 1381 1678 chartas,

281 1688 432 1776 praeter
449 1683 662 1756 monasterii
679 1687 738 1756 sui
754 1681 1027 1776 laudatoriam,
1045 1684 1148 1754 cuius
1166 1684 1249 1775 ipsa
1271 1681 1386 1754 uerba

287 1783 458 1856 chronico
485 1787 648 1879 inseruit,
675 1787 817 1857 novisse
842 1806 917 1855 non
942 1781 1095 1856 uidetur.
1146 1781 1384 1856 Adliciendae

287 1882 403 1956 duae:
422 1883 540 1956 altera
555 1884 718 1958 Conradi
736 1883 948 1957 cancellarii
965 1882 1065 1955 electi
1078 1881 1383 1958 Hildensemensis

288 1982 340 2055 ad
353 1983 589 2057 Herbordum
597 1984 928 2058 Hildensemcnsem
937 1986 1191 2077 praepositam
1203 1983 1386 2079 „destatu

287 2082 441 2177 Apuliae
459 2083 554 2158 etde
572 2086 741 2180 operibns
758 2085 814 2159 vel
831 2084 975 2158 artibus
999 2083 1172 2180 Virpitit‘ss
1194 2084 1307 2177 plena
1324 2086 1383 2171 fa·

289 2183 384 2257 bulis
401 2192 437 2258 et
452 2186 638 2260 erroribus
643 2215 658 2280 ,·
677 2187 795 2260 altera
814 2185 858 2258 de
875 2192 975 2258 statu
992 2183 1141 2281 Aepypti
1158 2185 1213 2258 oel
1225 2183 1383 2278 Babylo.-

288 2287 372 2359 niae
402 2291 438 2358 et
460 2293 579 2360 terrae
605 2294 766 2384 sanctae,
797 2290 935 2381 scripta
963 2283 1241 2380 aBurcltardo,
1272 2307 1384 2381 neque

288 2409 374 2459 vero
395 2387 573 2483 Gerardo,
601 2395 643 2462 ut
662 2392 700 2462 in
716 2387 872 2462 Arnoldi
897 2387 1000 2460 libris
1025 2387 1282 2478 manuscriptis
1299 2409 1383 2478 per-

285 2509 416 2579 peram
434 2491 607 2580 scriptum
634 2496 696 2584 est,
720 2489 931 2562 vicedomno
949 2487 1209 2582 Arpentinensi,
1229 2510 1263 2558 α.
1289 2488 1383 2561 1175

291 2584 343 2657 ad
370 2584 641 2668 Salalradinum
671 2587 870 2660 soldanum
896 2590 1019 2658 misso.
1072 2587 1169 2657 Num
1190 2593 1384 2679 praeterea

289 2688 398 2757 etiam
417 2709 461 2757 ec
477 2687 641 2773 sontibus
657 2690 802 2780 scriptis
825 2686 1000 2780 hauserit,
1026 2707 1094 2756 suo
1118 2687 1197 2756 iure
1223 2685 1385 2757 dubitari
1457 2778 1459 2784 Ι
1484 2695 1489 2702 “

284 2791 416 2880 potest,
436 2810 547 2883 neque
565 2790 640 2880 ipse
654 2786 810 2860 alicuius
826 2788 1016 2878 scriptoris
1035 2787 1290 2857 auctoritatem
1304 2784 1385 2855 lau·

291 2883 367 2958 dat.
405 2887 538 2959 Tamen
547 2890 680 2981 paucis
694 2886 784 2960 locis
801 2884 1002 2959 similitudo
1021 2883 1149 2982 aliqua
1167 2883 1384 2973 intercedere
1512 2890 1515 2894 ’

246 3037 250 3048 .
289 2985 434 3059 videtur
452 2991 528 3060 eius
547 3012 628 3060 cum
646 2987 884 3081 scriptoribus
903 2989 1121 3082 coaetaneis,
1141 3009 1235 3079 prae
1260 2989 1385 3058 ceteris

291 3109 370 3181 carn
388 3085 479 3160 Ann.
500 3089 773 3162 Coloniensibus
791 3089 973 3184 maximis,
997 3087 1125 3184 quial
1152 3109 1187 3158 a.
1211 3089 1306 3160 1176
1325 3109 1385 3159 us·

291 3211 359 3284 que
378 3187 430 3260 ad
454 3212 489 3261 α.
513 3193 609 3263 1218
637 3189 684 3262 ab
716 3188 841 3262 eadem
868 3211 982 3260 mana
1009 3189 1197 3260 coaetanei
1222 3191 1386 3260 auctoris

290 3290 417 3380 scripti
432 3297 520 3362 sant
536 3289 653 3386 (Mon.
666 3291 704 3363 G.
717 3289 786 3362 SS.
804 3291 838 3361 Τ.
850 3289 958 3361 XVII.
975 3314 1012 3383 p.
1024 3287 1130 3385 726).
1166 3288 1224 3360 En
1240 3289 1385 3384 quibus·

292 3387 380 3460 dam
398 3389 488 3462 locis
507 3393 616 3462 etiam
634 3391 804 3463 chronico
823 3389 985 3486 quodam
995 3388 1185 3461 Saaonum
1204 3411 1293 3460 usus
1310 3411 1386 3460 esse

291 3486 444 3585 videtur,
459 3513 570 3586 quum
578 3494 734 3584 propius
758 3490 914 3563 accedat
925 3488 977 3573 ad
990 3489 1199 3562 chronicum
1215 3487 1385 3580 rhythmi·
1402 3551 1404 3556 .
1538 3517 1541 3522 ¹

292 3590 650 3664 cumBranswieense
660 3591 753 3666 etad
763 3591 973 3664 chronicum
983 3588 1383 3684 dictumReppowiense.

178 3765 180 3772 A
291 3689 451 3787 Denique
468 3690 568 3788 qaod
586 3691 637 3764 ad
655 3694 952 3786 compositionem
971 3693 1090 3785 operis
1116 3693 1230 3762 totius.
1244 3690 1385 3785 attinet,

287 3789 502 3888 plerumque
519 3794 629 3866 series
643 3817 767 3866 rerum
780 3793 866 3866 bene
884 3791 1052 3864 cohaeret
1065 3796 1133 3861 aut
1144 3788 1386 3885 dipressiones

291 3889 431 3983 ipsa're
449 3892 599 3987 intellipi
611 3900 777 3986 possunt.
832 3893 912 3981 Ouo
939 3893 1058 3986 mapis
1083 3887 1294 3964 mirandum
1321 3897 1384 3984 est,
1500 3931 1509 3944 -

291 3993 420 4063 seriem
433 3992 654 4088 quibusdam
671 3993 761 4066 locis
769 3993 883 4087 plane
899 3990 1078 4065 violatam
1096 4015 1183 4088 esse,
1198 3995 1294 4064 sicut
1309 3990 1331 4061 l.
1349 3989 1383 4061 V.

149 4179 156 4192 θ
292 4116 322 4162 c.
341 4085 402 4166 18.
422 4091 445 4164 l.
468 4093 519 4166 Vl.
540 4119 568 4166 c.
589 4099 624 4190 4,
648 4094 710 4166 ubi
725 4093 921 4168 Absalonis
939 4091 1203 4186 archiepiscopi
1219 4089 1385 4162 Lauden-

291 4195 343 4265 sis
368 4199 403 4266 et
417 4193 599 4288 Ludolplri
623 4193 947 4291 Mapdeburpensis
969 4201 1120 4266 mortem
1146 4195 1271 4284 refert,
1299 4196 1385 4262 tem-

290 4297 394 4385 poris
411 4298 539 4368 seriem
558 4299 736 4370 omittens.
