3116 5014
342 474 390 549 52
443 473 651 548 ARNOLDI
678 471 923 546 cfluoulcu
946 470 1215 546 SLAVORUM.
1258 469 1344 544 LIB.
1369 470 1417 546 11.

343 677 388 750 de
408 674 564 774 captivis
584 700 653 750 sua
671 673 897 772 reciperent,
923 696 994 746 nec
1016 671 1168 746 omnino
1187 671 1325 787 stipem
1344 600 1444 744 mili-

341 777 392 849 tie
407 800 450 850 se
465 777 605 850 habere
619 799 734 874 posse
749 776 934 870 dicebant
950 773 980 846 si
996 797 1127 848 eorum
1144 773 1279 888 captivi
1293 773 1330 846 in
1346 797 1442 848 usus

341 877 486 951 alienos
522 878 752 950 tollerentur.
804 875 884 949 Hiis
920 874 1272 950 contradictionibus
1309 899 1443 949 eomes

340 978 495 1052 Adolfus
522 978 689 1050 animum
717 977 820 1051 ducis
845 976 1010 1074 graviter
1033 975 1199 1050 irritavit.
1244 977 1291 1050 Et
1312 1001 1357 1048 ex
1376 975 1443 1049 illc

340 1089 513 1177 tempore
538 1078 781 1152 seminarium
807 1076 991 1151 discordie
1017 1076 1116 1150 inter
1142 1101 1208 1150 eos
1233 1076 1444 1176 pullulavit.

340 1179 427 1277 lpse
453 1189 579 1252 autem
606 1203 692 1252 cum
717 1179 798 1252 aliis
827 1203 1005 1263 reversus
1031 1188 1090 1252 est
1113 1178 1310 1251 interram
1330 1201 1443 1250 suam
1534 1261 1535 1272 χ

331 1287 427 1352 Ιοιιιιι
463 1304 667 1354 numerosa
712 1279 946 1353 multitudine
982 1279 1215 1378 captivorum
1252 1290 1289 1351 et
1322 1281 1444 1377 preda
1533 1333 1535 1352 ι

342 1383 470 1454 muita.

420 1488 475 1557 14.
494 1481 547 1556 Dc
566 1485 751 1556 exustione
767 1481 942 1556 Huloerst
941 1479 1087 1554 odenato
1106 1483 1261 1554 cecitatis
1279 1505 1296 1552 e
1298 1483 1444 1574 teupti-

339 1585 449 1656 vitate
469 1583 625 1658 Odelriei
644 1586 812 1680 episcopi.
863 1583 1058 1657 Odelricus
1077 1593 1204 1656 autem
1222 1582 1441 1655 Halversta·

341 1686 470 1758 densis
507 1709 551 1757 ea
583 1695 812 1783 tempestate
839 1683 1027 1782 inpatiens
1062 1683 1218 1782 quietis7
1254 1693 1293 1754 ut
1324 1707 1441 1780 supra

321 1786 574 1881 dictumest,
597 1787 677 1858 zelo
704 1784 839 1858 ductus
859 1784 1010 1882 antique
1035 1784 1286 1880 emulationisJ
1313 1783 1440 1856 multis

340 1887 679 1984 perturbationibus
707 1889 841 1959 ducem
860 1885 1072 1958 infestabat.
1104 1886 1211 1958 Unde
1235 1885 1440 1958 eeclesiam

339 1987 441 2060 iilam
469 1987 596 2084 gravis
623 1988 767 2060 iactura
793 1985 896 2058 omni
925 2010 994 2058 evo
1023 1989 1210 2084 gemenda
1236 1989 1439 2060 subsecuta

342 2098 410 2160 est.
451 2089 547 2161 Nam
566 2112 650 2161 cum
679 2087 881 2187 sepissime
902 2087 1117 2185 eruptiones
1136 2086 1270 2161 fierent
1290 2089 1334 2160 de
1354 2087 1440 2160 Hal-

340 2192 511 2263 verstath
531 2191 631 2264 etde
652 2201 774 2264 castro
790 2187 1048 2286 Hcrneburg¹,
1067 2199 1104 2262 et
1118 2192 1440 2263 succenderentur

339 2289 427 2363 ville
453 2290 557 2365 ducis
586 2303 623 2366 et
648 2290 824 2365 homines
852 2289 910 2362 sui
937 2299 1002 2363 aut
1026 2289 1288 2362 mutilarentur
1315 2291 1438 2362 autin

341 2393 597 2490 captivitatem
616 2395 869 2489 traherentur7
894 2401 998 2463 tanta
1021 2401 1231 2464 commotus
1255 2390 1439 2489 inquieta·

338 2493 454 2590 tione,
482 2495 700 2567 coadunatis
726 2494 933 2566 amicorum
960 2515 1116 2565 suorum
1143 2493 1274 2590 turbis,
1309 2517 1374 2565 eas
1399 2492 1438 2564 in

338 2605 467 2692 partes
486 2595 569 2667 illas
588 2595 703 2690 misit,
722 2605 763 2666 ut
781 2594 813 2667 si
831 2603 989 2691 possent
1006 2593 1169 2666 debitam
1182 2593 1343 2666 inimicis
1360 2593 1438 2667 suis

340 2697 594 2792 rependerent
611 2695 802 2768 talionem.
837 2697 1027 2767 Abeuntes
1053 2717 1143 2790 ergo
1163 2695 1381 2769 exustiones
1401 2705 1441 2768 et

341 2796 629 2894 depredationes
649 2795 819 2868 villarum
838 2793 975 2867 multas
989 2795 1173 2892 fecerunt,
1190 2808 1228 2870 et
1242 2797 1440 2870 venientes

340 2897 577 2993 Halverstad
606 2897 687 2971 sine
712 2895 878 3010 periculo
902 2895 1026 2969 invitis
1052 2897 1224 2972 hostibus
1248 2898 1440 2970 civitatem

341 2997 591 3096 optinuerunt.
639 2999 751 3071 Facta
771 2996 882 3093 igitur
900 2995 1133 3072 discursione
1158 2999 1317 3077 civibus
1327 2999 1442 3097 capti·

340 3099 449 3196 vatis,
465 3101 585 3198 spolia
599 3099 714 3172 multa
731 3108 971 3212 acceperunt
943 3102 1074 3170 turbe
1090 3101 1213 3173 adhuc
1226 3101 1346 3173 illesa.
1341 3124 1437 3214 ‘que

338 3201 501 3298 undique
515 3202 642 3275 clausa
656 3211 694 3274 e
679 3199 850 3272 tmunita
866 3210 958 3295 erat
972 3201 1009 3270 in
1026 3225 1103 3297 qua
1115 3204 1275 3274 domnus
1290 3201 1438 3300 episco-

338 3327 409 3398 pus
436 3327 521 3375 cum
549 3302 785 3376 multitudine
811 3311 1040 3374 armatorum
1066 3303 1306 3376 consistebat.
1349 3303 1437 3374 Pro-

338 3401 475 3474 vident'
451 3413 501 3475 tra
519 3427 609 3476 vero
634 3393 783 3500 civium,
810 3401 872 3499 qui
895 3401 1104 3517 periculum
1122 3403 1285 3476 incendii
1302 3403 1438 3476 timue-

338 3513 434 3616 rant,
463 3504 658 3600 provisum
684 3515 776 3597 erat
801 3514 842 3574 ut
868 3503 966 3598 ignis
993 3503 1030 3576 in
1059 3505 1207 3578 civitate
1236 3529 1308 3578 non
1331 3505 1435 3578 inve·

339 3603 490 3676 niretur
530 3605 607 3676 Neo
633 3559 793 3676 multurh
818 3607 864 3676 ab
883 3603 1053 3678 hostibus
1074 3607 1330 3703 querebatur
1321 3605 1433 3721 rgniS,

339 3727 383 3776 eo
404 3706 500 3802 quod
515 3729 607 3803 prop
610 3714 668 3778 ter
682 3703 969 3778 sanctimoniam
983 3704 1054 3778 ioci
1070 3718 1269 3821 parcerent
1283 3707 1432 3782 civitati.

338 3805 507 3919 Cumque
527 3830 623 3878 unus
642 3806 678 3878 in
698 3806 780 3878 loco
800 3807 961 3904 quodam
982 3818 1214 3880 contutatum
1233 3808 1433 3906 ignomin

338 3905 517 4002 venisset
538 3931 647 3980 exeo
668 3907 834 3980 casulam
856 3909 1042 4022 quandam
1056 3909 1233 4006 incendit,
1253 3919 1291 3982 et
1305 3910 1432 3983 statim

245 4033 325 4086 1179
338 4018 533 4082 crescente
551 4008 722 4082 incendio
744 4019 819 4082 tota
839 4009 969 4084 civitas
990 4008 1220 4108 conflagrata
1237 4020 1308 4110 est
1321 4011 1373 4084 ito
1391 4022 1433 4085 ut

251 4106 325 4178 Sept·
336 4119 414 4180 tota
432 4109 469 4180 in
489 4110 653 4182 favillam
671 4111 937 4208 redigeretur2.
981 4112 1158 4210 Capitalis
1179 4111 1291 4185 etiam
1313 4113 1432 4186 eccle·

263 4182 307 4238 ²3
337 4208 393 4282 sia
418 4211 516 4284 beati
536 4211 717 4310 Stephani
737 4225 774 4287 et
791 4217 900 4286 beate
919 4212 987 4284 Dei
1007 4214 1197 4310 genitricis
1213 4213 1328 4286 Mario
1344 4239 1430 4288 cum

337 4325 361 4399 1)
381 4325 470 4400 Prope
489 4329 599 4383 flurium
620 4331 697 4385 lise
689 4350 718 4384 ιιι
737 4350 777 4403 pr
769 4348 821 4384 no
815 4331 886 4401 patu
902 4329 1088 4387 Halberstadt
1160 4331 1279 4404 aputu
1297 4331 1370 4405 Sept.
1383 4331 1431 4389 23.
