3116 5014
517 1243 580 1315 ex
606 1242 937 1318 1111111111

360 1375 522 1450 111.
543 1379 631 1452 11.
650 1379 676 1452 1.
695 1381 742 1452 1.
763 1380 1087 1454 1111111111.

171 1606 404 1715 Arnoldum
433 1642 615 1740 quendam
640 1647 755 1732 fuisse
778 1651 964 1717 auctorem
990 1644 1150 1718 chronici
1174 1647 1274 1722 illius

175 1746 368 1838 notissimi,
396 1747 601 1837 sucipientis
617 1745 805 1818 Helmoldi
823 1769 915 1838 opus
941 1744 1088 1841 „debito
1112 1751 1182 1836 fine
1199 1773 1274 1822 non

173 1845 505 1940 consummatum“,
541 1845 641 1942 quod
672 1849 709 1918 11
737 1848 954 1919 Germaniae
982 1849 1273 1940 septentrionalis

177 1947 234 2020 uel
250 1947 408 2016 manime
433 1948 574 2038 imperii
593 1947 798 2019 Germanici
814 1947 987 2020 Heinrico
1008 1947 1066 2044 VI,
1093 1947 1271 2046 Philippo,

179 2048 311 2120 Ottane
331 2046 353 2116 Ι
356 2045 386 2116 V
401 2048 634 2140 potissimum
668 2047 914 2144 repnentibns,
939 2046 1084 2120 Daniae
1109 2073 1174 2122 nec
1199 2074 1273 2124 non

173 2147 340 2220 aliarum
358 2152 541 2218 terrarum
567 2146 674 2219 rebus
698 2155 806 2244 atque
829 2151 1165 2242 crucesipnatorum
1189 2150 1273 2223 inde

174 2249 226 2322 ab
246 2272 280 2320 a.
304 2249 396 2320 1171
418 2246 601 2343 usquead
618 2271 653 2319 1.
669 2251 763 2323 1209
784 2272 866 2321 cum
884 2252 921 2321 in
939 2256 1075 2321 terram
1092 2257 1271 2346 sanctam,

178 2355 255 2420 tum
289 2349 326 2419 in
349 2347 539 2420 Liooniam
571 2347 857 2440 expeditionibus
882 2347 1111 2422 illustrandis
1140 2354 1273 2422 summi

39 2472 63 2513 t.
178 2451 349 2521 momenti
366 2455 429 2544 est,
444 2471 487 2519 en
501 2451 583 2540 ipsa
601 2452 764 2520 auctoris
782 2448 834 2521 ad
850 2448 1054 2542 Philippum
1071 2449 1272 2522 Racesbnr-

41 2575 45 2610 1
130 2573 320 2644 pensem
340 2550 545 2642 episcopum
567 2549 732 2646 epistola,
760 2549 931 2622 chronico
949 2553 1157 2644 praemissa
1175 2575 1272 2623 com·
1360 2563 1365 2574 '

173 2657 319 2744 perium
336 2647 521 2721 babemus.
549 2648 603 2720 De
621 2653 724 2722 cuius
736 2649 891 2722 Arnoldi
909 2653 1049 2745 oripine
1067 2658 1102 2723 et
1111 2655 1273 2744 pueritia

54 2788 60 2798 ·
174 2750 268 2822 nibil
285 2753 372 2823 certi
389 2750 494 2822 nobis
512 2757 658 2822 constat
669 2758 816 2844 praeter
834 2774 889 2847 ca,
903 2774 997 2848 quae
1020 2753 1096 2844 ipse
1114 2755 1276 2824 meminit

176 2875 229 2948 „a
245 2858 360 2944 patre
387 2858 422 2922 et
442 2857 559 2922 matre
584 2874 665 2922 aere
693 2849 904 2924 derelictum
928 2875 966 2923 se
989 2875 1076 2947 esse,
1097 2855 1273 2925 neminem

176 2975 353 3049 umquam
363 2953 582 3046 principum,
591 2953 767 3023 neminem
776 2959 990 3047 mapnatum
994 2956 1273 3044 patrocinatum

177 3053 249 3125 sibi
267 3075 354 3147 csse,
380 3050 446 3124 sed
462 3055 582 3144 ipsum
598 3051 794 3124 Dominum
812 3055 1062 3125 miseratorem
1081 3061 1117 3126 et
1134 3056 1272 3126 miseri·
1290 3078 1294 3086 ⁴

180 3152 328 3226 cordem
342 3155 482 3240 tactum
501 3175 577 3224 esse
593 3153 664 3224 sibi
677 3152 916 3225 adiutorem“.
946 3153 1110 3225 Labeone
1128 3176 1209 3226 cum
1222 3157 1273 3226 vi·

178 3261 270 3349 tam,
285 3259 377 3325 certe
393 3256 490 3324 uitae
503 3260 651 3346 partem
669 3256 793 3348 episse,
808 3257 1011 3346 praecipua
1028 3276 1151 3326 rerum
1166 3255 1272 3326 Lubi-

181 3357 341 3427 censium
358 3355 508 3426 scientia
522 3357 559 3424 in
578 3352 748 3426 chronico
767 3357 976 3449 conspicua,
994 3356 1204 3450 quinetiam
1220 3356 1273 3448 ip·

177 3458 231 3528 sis
250 3458 327 3527 eius
344 3454 474 3549 verbis,
493 3454 807 3528 civesLubicenses
824 3477 912 3526 suos
926 3455 1165 3554 appellantis,
1176 3479 1273 3538 com-

146 3649 147 3653 *
174 3555 370 3650 probatur.
400 3554 548 3629 Ordinis
562 3555 805 3649 ecclesiastici,
820 3558 879 3626 cui
896 3554 1067 3627 addictus
1080 3551 1273 3651 111111411-

72 3679 78 3738 f
178 3656 305 3752 pulum
320 3657 443 3748 primo
461 3679 535 3728 non
557 3679 676 3729 severe
701 3680 740 3728 se
766 3656 978 3728 observasse
1004 3680 1084 3728 cum
1109 3658 1274 3729 monimo

176 3759 396 3845 contusione
414 3759 654 3852 conqueritur.
686 3757 754 3846 (lui
771 3756 892 3854 qualis
907 3759 1021 3844 fuerit
1036 3756 1179 3829 disertis
1197 3779 1274 3828 uer·

183 3857 238 3929 bis
254 3881 328 3930 non
346 3856 449 3952 dicit,
467 3879 678 3955 quanquam
696 3865 751 3931 est
770 3881 836 3930 cur
849 3859 1019 3950 putemus
1037 3857 1069 3928 b.
1088 3856 1275 3929 Benedicti

177 3959 306 4046 ¹fuisse.
369 3957 469 4030 Certe
498 3958 678 4053 sinpulari
709 3966 895 4031 auctorem
926 3961 1040 4046 luisse
1071 3956 1274 4030 eruditione
1374 4001 1381 4012 ·

75 4088 76 4092 ¹
180 4061 300 4153 ipsum
313 4057 511 4130 chronicon
519 4057 658 4154 prodit,
676 4082 789 4155 neque
798 4060 1043 4152 praetermisit
1060 4081 1275 4131 commemo·

177 4183 280 4254 rare,
297 4159 470 4232 Heinrico
489 4162 708 4251 imperatore
724 4159 882 4232 Montem
897 4159 1069 4231 Casinum
1087 4162 1124 4232 in
1141 4157 1277 4254 Apulia

174 4262 388 4359 atlinpente,
407 4258 483 4332 illic
498 4263 746 4356 „requiescere
764 4261 795 4333 b.
811 4259 1081 4333 aeneatorum<
