3116 5014
1413 13 1544 179 1

308 456 356 524 ld
408 449 618 525 ARNOLlll
649 449 891 526 CHRONICA
922 449 1190 526 SLAVORUM.
1234 447 1320 524 LlB.
1340 449 1382 524 ll.

251 665 253 670 '
309 656 401 726 chus
420 653 574 728 vixerat.
620 651 727 740 Quod
746 661 874 724 tamen
898 675 992 750 pace
1013 650 1280 724 canonicorum
1297 673 1409 749 regu·

305 754 440 828 larium
460 753 630 849 dixerim,
650 753 750 850 quia,
767 752 940 852 qrramvis
951 751 1122 850 plerique
1139 751 1409 825 canonicorum

307 864 439 928 sancte
459 865 496 928 ct
513 854 611 926 iuste
636 853 778 948 vivant,
801 854 1010 926 monachus
1034 862 1162 924 tamen
1189 876 1327 924 nomen
1348 862 1409 925 est

246 953 249 960 '
307 979 458 1028 summe
478 953 687 1027 sanctitatis
709 963 746 1026 et
762 953 854 1026 buic‘
869 953 1011 1027 nomini
1030 952 1144 1024 nichil
1163 949 1408 1050 perfectionis

306 1059 444 1128 deesse
460 1057 587 1150 decet,
608 1057 673 1127 sed
693 1054 767 1126 hoe
784 1077 991 1153 paucorum
1014 1063 1082 1128 est.
1112 1053 1201 1126 lnde
1217 1063 1288 1150 est,
1307 1054 1407 1151 quod

307 1157 502 1230 seculares
521 1155 741 1252 ignorantes
757 1155 1023 1228 discretionem
1043 1153 1183 1240 ordinis
1203 1154 1409 1230 monacho-

305 1279 390 1330 rum
422 1265 460 1328 et
491 1254 756 1346 canonicorum
788 1255 1031 1354 regularium,
1062 1254 1166 1352 ipsos
1203 1255 1410 1328 canonicos
1542 1351 1544 1356 Ι

306 1356 514 1428 monachos
545 1356 738 1454 appellare
774 1361 1063 1430 consueverunt.
1111 1355 1246 1428 Factus
1278 1365 1408 1427 autem

183 1481 185 1488 ’
307 1457 509 1555 episcopus
535 1455 637 1529 viam
662 1456 882 1530 humilitatis
907 1479 982 1528 non
1006 1455 1185 1551 deseruit,
1212 1455 1344 1528 mitem
1364 1479 1410 1529 se
1543 1491 1544 1494 ¹

305 1557 479 1630 omnibus
499 1556 676 1652 exhibuit,
704 1557 852 1654 patiens
871 1567 999 1629 autem
1019 1559 1064 1629 ad
1084 1579 1218 1628 omnes
1241 1556 1318 1628 luit.
1360 1558 1408 1630 Et

306 1657 479 1754 quamvis
499 1656 668 1728 ordinem
682 1656 838 1729 historie
853 1657 1123 1754 aliquantulum
1139 1657 1339 1754 prevenire
1353 1657 1407 1728 vi·
1543 1661 1544 1664 ’

304 1761 474 1849 deamur,
492 1767 621 1828 tamen
641 1756 790 1852 quiade
809 1756 891 1854 ipso
910 1757 1011 1854 loqui
1031 1755 1405 1854 cepimus,'dicamus

305 1856 454 1954 quantis
470 1855 759 1929 adversitatibus
775 1857 923 1930 attritus
937 1857 1048 1930 luerit
1063 1868 1100 1930 et
1114 1867 1253 1955 quanta
1268 1857 1407 1930 virtute
1542 1921 1544 1954 ,

302 1957 484 2056 patientie
510 1957 593 2029 illas
622 1957 852 2030 sustinuerit.
897 1959 991 2033 Cum
1018 1982 1107 2030 vero
1127 1957 1310 2032 Dominus
1330 1961 1404 2030 duo

302 2067 419 2154 ponat
443 2057 480 2128 in
508 2056 810 2154 adversitatibus,
836 2057 887 2130 ita
913 2057 1060 2130 dicens:
1100 2059 1188 2130 Cum
1214 2057 1407 2130 audieritis
1542 2061 1544 2070 ’

299 2157 421 2251 prelio
435 2164 471 2230 et
480 2155 687 2254 seditiones,
706 2156 815 2230 nolite
835 2161 964 2230 terreri
972 2157 998 2254 ¹,
1018 2182 1090 2254 que
1113 2161 1245 2232 beatus
1260 2159 1404 2256 Grego·
1542 2183 1544 2270 p

302 2257 380 2331 rius
401 2281 613 2356 exponens:
643 2257 778 2354 Prelio,
797 2258 860 2353 ait,
885 2257 936 2330 ud
952 2258 1086 2354 hostes,
1111 2258 1306 2332 seditiones
1318 2283 1405 2352 per·
1543 2285 1544 2314 ³

301 2361 414 2430 tinent
430 2357 481 2430 ad
499 2361 603 2454 cives,
628 2359 797 2432 dieamus
818 2384 890 2457 que
909 2359 1010 2433 intus
1030 2385 1051 2432 a
1071 2359 1227 2456 civibus,
1246 2360 1282 2432 id
1302 2371 1402 2433 esta

301 2459 492 2554 fratribus,
515 2469 552 2530 et
573 2481 645 2555 que
665 2460 754 2532 foris
773 2484 911 2557 passus
932 2461 1043 2532 luerit
1061 2465 1106 2533 ab
1125 2461 1307 2534 hostibus.
1346 2460 1404 2532 Ex

303 2581 348 2630 eo
366 2557 480 2654 igitur
501 2568 672 2656 tempore
699 2583 745 2632 ex
763 2584 836 2656 quo
859 2561 1015 2632 mutatio
1030 2563 1167 2632 ducum
1186 2561 1285 2634 facta
1300 2571 1363 2634 est
1373 2560 1402 2658 ²,

303 2660 410 2754 quasi
447 2658 646 2730 destitutus
687 2659 820 2730 solatio
858 2660 961 2733 ducis
993 2660 1179 2754 Heinrici,
1220 2662 1282 2759 qui
1313 2685 1401 2734 eum

300 2768 456 2855 propter
495 2783 604 2832 suam
639 2759 859 2832 fidelitatem
900 2771 937 2832 et
971 2771 1125 2858 propter
1159 2762 1400 2836 devotionem

301 2859 463 2933 ecclesie
486 2884 555 2951 sue
576 2884 693 2934 manu
714 2865 879 2958 tenebat,
896 2885 1032 2959 pacem
1055 2885 1140 2934 cum
1160 2861 1297 2936 Ottone
1316 2886 1401 2960 pre·

298 2959 423 3056 posito
444 2986 634 3059 nunquam
655 2963 796 3038 habere
813 2964 943 3062 potuit.
980 2965 1052 3052 Qui
1072 2969 1116 3038 ad
1137 2962 1399 3061 episcopatum

186 3094 195 3106 ‘
299 3059 486 3159 aspirans,
513 3061 550 3133 in
575 3063 701 3136 multis
731 3088 817 3138 eum
836 3065 1038 3142 infestabat
1058 3081 1095 3143 et
1112 3073 1248 3152 fratres
1267 3082 1401 3152 adver·
1537 3111 1540 3118 ¹

299 3183 366 3234 sus
387 3185 473 3235 eum
493 3169 767 3239 commovebat.
803 3169 931 3266 Ipsum
952 3172 1064 3245 etiam
1084 3175 1218 3250 ducem
1238 3203 1398 3254 exosum
1538 3231 1540 3254 ι

297 3259 462 3373 babebat
481 3273 529 3358 et,
557 3289 669 3362 quem
689 3267 827 3342 viribus
846 3269 974 3344 ledere
994 3298 1068 3352 non
1087 3287 1247 3376 poterat,
1272 3281 1398 3356 verbis
1477 3343 1480 3347 .
1537 3259 1540 3316 3

216 3454 218 3459 Ι
296 3367 513 3458 impetebat.
555 3367 693 3439 Comes
712 3368 825 3442 etiam
844 3369 1142 3449 Bernardus³in
1162 3379 1288 3455 multis
1310 3407 1397 3456 eum
1538 3441 1539 3444 ,

297 3465 491 3557 gravabat,
509 3464 596 3559 quia
614 3489 637 3538 a
655 3468 758 3541 ducis
778 3471 941 3545 Heinrici
960 3473 1213 3551 familiaritate
1233 3506 1275 3554 se
1296 3483 1399 3554 elon·
1445 3527 1449 3532 -
1521 3515 1522 3518 ¹

296 3585 389 3657 gare
417 3563 576 3636 nolebat.
625 3565 748 3666 Super
775 3573 901 3646 omnia
928 3585 1055 3649 autem
1083 3579 1187 3653 ducis
1214 3581 1398 3657 Bernardi

294 3661 550 3737 intolerabiles
576 3665 652 3739 iras
680 3670 909 3764 sustinebat,
941 3677 1026 3772 quia
1050 3679 1151 3753 idem
1177 3683 1251 3753 dux
1275 3683 1398 3756 homi·

295 3761 399 3874 nium
423 3767 467 3837 ab
498 3788 542 3836 eo
570 3767 753 3863 exigebat.
799 3773 906 3861 Quod
931 3775 964 3848 ei
990 3779 1191 3880 episcopus
1216 3787 1396 3882 negabat,

295 3863 438 3976 dicens,
466 3888 540 3936 non
570 3889 658 3940 esse
685 3894 846 3947 necesse
870 3877 1014 3951 duobus
1041 3883 1086 3953 ab
1114 3883 1294 3982 episcopo
1312 3883 1395 3959 fieri
1521 3921 1522 3924 ¹

293 3961 523 4076 hominium,
552 3989 595 4038 se
621 3977 750 4043 tamen
777 3973 857 4049 eius
882 3978 1105 4076 principatui
1129 3983 1290 4058 libenter
1315 4009 1394 4058 ser·
1503 4059 1505 4063 ,

292 4085 372 4134 vire
392 4064 551 4163 dicebat,
570 4070 601 4140 si
620 4093 689 4167 per
707 4095 794 4147 eum
814 4077 976 4150 ecelesia
996 4103 1063 4152 sua
1078 4106 1212 4179 pacem
1231 4085 1292 4158 vel
1310 4111 1395 4184 pro·

295 4213 541 4305 llMalth.24,6.
580 4219 710 4307 lauc21,
731 4224 757 4284 9.
874 4227 977 4299 2)scil.
999 4249 1072 4286 exa.
1096 4233 1174 4290 1180.
1285 4237 1312 4312 3)
1333 4241 1394 4296 soil.

290 4286 514 4362 llataeburgcusrs
533 4311 630 4349 senior.
