3116 5014
27 503 33 512 .
164 447 373 523 annuum
400 409 642 523 canonica
668 441 937 522 suavonuu.
980 447 1065 522 ua
1091 448 1131 522 u.
1160 493 1167 502 .,
1184 447 1233 522 55

134 656 244 721 stans
264 658 302 722 et
321 649 559 722 amarissime
578 648 789 746 deplorans.
829 649 907 723 Nec
930 658 1059 727 tamen
1081 651 1127 722 ad
1151 672 1234 748 pre·
1322 683 1323 688 ¹

133 772 227 822 sens
240 749 491 848 captivitatem
507 749 607 825 illam
618 749 811 846 relaxavit,
822 752 889 824 sed
901 753 1078 824 domnum
1090 748 1234 848 episco-

138 874 227 946 pum
249 851 510 948 Herteneburg
533 851 664 924 deduci
683 850 772 922 fecit
792 861 829 924 et
852 875 939 924 eum
962 851 1136 947 honeste
1163 854 1231 924 sub

137 951 307 1024 custodia
326 961 467 1046 tamem
486 951 636 1024 tractari
664 952 843 1048 precepit.
880 951 1003 1038 Quem
1027 951 1232 1049 religiosis·
1289 1027 1292 1034 ,
1379 979 1380 986 “

135 1051 233 1124 sima
261 1051 410 1126 ducissa
429 1052 664 1125 Machthildis
691 1051 840 1150 pietatis
860 1051 997 1126 affectu
1022 1053 1232 1150 complexa,

135 1151 245 1248 quasi
262 1176 328 1250 pro
348 1153 558 1226 reverentia
573 1153 798 1226 sacerdotali
816 1151 984 1228 vestibus
1004 1152 1110 1228 bonis
1125 1153 1230 1249 large
1284 1220 1287 1223 ,

133 1252 313 1325 induebat
331 1264 367 1326 et
385 1253 434 1326 ita
450 1253 487 1326 in
502 1254 674 1328 omnibus
695 1253 921 1328 necessariis
937 1255 971 1326 ei
986 1253 1230 1328 devotissime

134 1353 382 1451 ministrabat⁷
397 1366 435 1428 ut
453 1355 490 1426 iu
510 1354 573 1428 tali
589 1365 687 1428 statu
704 1355 816 1428 nichil
831 1355 865 1427 ei
880 1357 1016 1430 deesse
1031 1355 1230 1428 videretur.

134 1453 316 1528 Romarus
343 1479 446 1552 vero,
475 1455 779 1553 consanguineus
809 1455 889 1528 eius
918 1466 955 1528 et
974 1455 1230 1554 concaptivus⁷
1317 1547 1319 1552 Ι

130 1553 170 1626 in
198 1566 320 1628 castro
339 1557 524 1654 Sigeberg
550 1557 586 1629 in
614 1558 782 1630 custodia
808 1560 1037 1644 servabatur.
1082 1557 1230 1630 interea
1306 1645 1308 1648 Ι

130 1655 305 1730 homiues
326 1657 493 1756 episcopi
513 1661 558 1730 de
579 1659 800 1754 Horneburg
813 1657 982 1744 zelantes
999 1657 1151 1730 iniurias
1167 1659 1230 1729 do·

130 1755 312 1854 ministri,
337 1759 555 1856 frequenter
573 1759 753 1834 insultum
768 1758 981 1832 hominibus
1004 1759 1108 1831 ducis
1129 1759 1229 1830 fece·
1254 1779 1256 1782 ·

6 1907 7 1912 ,
132 1868 218 1929 runt
233 1869 271 1932 et
285 1859 539 1932 discurrentes
555 1885 623 1957 per
637 1861 833 1958 regionem
848 1859 948 1934 illam
965 1859 1231 1932 circumiacen-

6 2349 7 2354 .
130 2261 323 2360 lempnem
339 2263 465 2360 egitin
481 2264 720 2360 Lunenburg7
737 2271 774 2336 et
793 2288 932 2336 vocans
953 2264 1131 2334 domnum
1152 2256 1303 2334 sta-⁰⁰⁰·

130 1968 190 2030 tes
210 1959 317 2032 villas
343 1959 524 2032 incendiis
550 1972 803 2036 vastaverunt.
841 1961 945 2034 Unde
965 1963 1038 2034 dux
1057 1959 1229 2032 offensus

130 2061 339 2132 exercitum
358 2061 446 2134 illuc
465 2061 565 2134 misit
584 2073 621 2135 et
639 2073 762 2136 castro
783 2071 914 2134 exusto
936 2061 973 2134 in
989 2060 1228 2134 solitudinem

130 2159 219 2232 illud
240 2162 393 2259 redegit.
421 2163 509 2236 Post
529 2163 599 2236 hec
613 2163 649 2234 in
665 2162 858 2235 nativitate
873 2161 1020 2234 Domini
1036 2162 1134 2234 diem
1154 2161 1321 2239 sol-1179.

132 2362 201 2434 tuit
219 2387 303 2436 cum
325 2387 369 2436 eo
390 2365 621 2437 conditiones
642 2365 758 2462 pacis,
780 2373 817 2435 et
831 2363 996 2436 relaxata
1012 2362 1226 2460 captivitate
1244 2329 1290 2402 ²⁵¹

129 2487 218 2536 curn
245 2465 388 2537 honore
418 2469 575 2538 eumad
604 2490 671 2538 sua
704 2463 857 2542 remisit.
904 2463 1067 2538 Veniens
1100 2473 1227 2536 autem

129 2563 332 2664 episcopus
349 2567 386 2638 in
400 2567 647 2664 Hugesburch
659 2564 685 2661 ¹³
705 2564 919 2637 infirmitate
934 2575 1069 2661 tactusa
1088 2561 1226 2638 ibidem

132 2689 201 2762 per
219 2667 357 2764 aliquot
375 2678 526 2765 tempus
548 2678 720 2764 egrotare
741 2667 848 2764 cepit.
881 2667 1085 2740 Crescente
1100 2676 1231 2747 autem

127 2766 258 2840 dolore
280 2769 476 2866 corporali,
499 2769 767 2867 temporalibus
787 2766 1033 2840 incommodis
1054 2775 1227 2840 exemtus

130 2871 239 2941 beato
260 2867 334 2941 fine
354 2867 453 2942 diem
473 2870 606 2942 clausit
630 2868 875 2945 extremum2.

209 2971 266 3044 16.
301 2969 354 3042 De
380 2969 610 3064 expedicione
635 2969 739 3043 ducis
765 2971 801 3042 iu
825 2969 1057 3064 llturinpiom
1085 2972 1120 3039 et
1139 2989 1227 3062 quo·
1346 3007 1349 3012 ·

126 3069 241 3142 modo
264 3069 464 3158 defecerint
488 3096 512 3144 o
539 3071 630 3144 duce
653 3069 812 3158 Adolfus
837 3069 953 3143 etalii
970 3067 1117 3142 nobiles.
1156 3069 1227 3140 Ad·

129 3170 306 3244 veniente
333 3183 459 3246 autem
478 3171 599 3245 Μειίο3
625 3175 698 3246 dux
718 3195 803 3244 cum
823 3169 1058 3268 expeditione
1077 3167 1319 3244 intravittteo.

124 3271 372 3370 Thuringiam
400 3285 437 3348 et
462 3274 607 3348 exussit
632 3273 820 3346 civitatem
845 3295 918 3370 que
937 3269 1071 3344 dicitur
1087 3259 1300 3342 Kuninmai.

6 3457 7 3460 Ἴ
126 3373 483 3470 ghesuorthusent
504 3374 570 3450 Cui
585 3371 971 3448 occurritLodewicus
988 3368 1224 3470 provincialis

127 3499 215 3547 cum
243 3476 477 3550 multitudine
505 3500 666 3573 magna⁷
703 3473 1026 3572 commissumque
1054 3481 1112 3544 est
1142 3495 1226 3570 pre-

126 3575 218 3647 lium
234 3576 426 3675 intereos,
441 3587 477 3650 et
492 3577 611 3676 fugati
625 3586 712 3650 sunt
726 3575 918 3673 Thuringi⁷
937 3585 974 3648 et
988 3571 1224 3673 provincialis

126 3679 338 3774 captivatus
364 3689 422 3752 est
440 3703 525 3751 cum
544 3680 659 3752 fratre
679 3703 748 3752 suo
768 3679 984 3751 Hermanno
1003 3673 1167 3774 palatino
1188 3681 1226 3746 et

6 3809 8 3828 2
127 3800 214 3850 cum
242 3779 401 3852 militum
429 3779 674 3852 multitudine.
718 3779 909 3852 Exaltatus
931 3775 1226 3850 estantemdux

125 3877 165 3950 in
185 3878 246 3952 illa
260 3880 332 3976 die,
353 3892 390 3954 et
403 3882 542 3954 factum
559 3891 619 3954 est
632 3882 808 3978 gaudium
826 3889 863 3952 et
878 3877 1054 3952 exultatio
1069 3873 1225 3948 inomni

124 3981 237 4053 domo
258 3981 352 4054 eius.
384 3983 428 4054 Et
445 4006 623 4056 reversus
644 3991 702 4054 est
716 3979 956 4054 Bruneswich
978 4001 1062 4052 oum
1081 3973 1225 4050 infinita

6 4227 8 4232 ¹
128 4161 153 4226 1)
172 4161 367 4218 Monasterium
393 4163 540 4237 Huysburg
563 4165 634 4219 iuxta
661 4163 847 4219 Halberstadt.
958 4162 984 4233 2)
1008 4157 1087 4224 1180.
1108 4157 1157 4214 lul.
1178 4117 1226 4222 305

6 4277 7 4280 ,
126 4232 228 4290 Cliton.
249 4236 386 4292 Helberst.
406 4257 431 4310 p.
447 4239 492 4294 61.
566 4237 592 4309 3)
613 4237 675 4292 anui
694 4238 818 4293 videlicet
839 4233 918 4289 1180.
994 4232 1019 4305 4)
1036 4231 1214 4308 Nordhauseu

124 4309 220 4365 civitas
239 4311 323 4382 rogia.
510 4349 512 4356 >
