3116 5014
180 414 388 489 ARNOLDI
415 417 656 492 CHRONlCA
680 416 945 491 SLAVORUM.
967 415 1159 490 1113111.
1211 420 1256 489 71

158 617 295 689 borum
310 617 579 715 negligeretur,
588 619 660 690 hec
671 617 792 715 pactio
808 619 888 692 sive
899 617 1142 718 desponsatio
1156 617 1324 691 irrita

159 718 371 791 ὴεώεικεῖυι
398 723 587 792 Venerunt
597 718 708 816 igitur
722 721 767 792 ad
783 717 1131 817 Egdoramlluviu'm
1142 718 1258 834 legati

152 818 395 916 imperatoris
422 843 507 893 cum
530 819 810 918 quadringentis
829 820 949 919 equis,
976 819 1256 935 quibuscomes

153 921 310 993 Adolfus
350 945 420 1019 per
461 921 622 992 triduum
662 921 983 995 abundantissime
1021 921 1254 994 ministravit.

152 1020 325 1094 Kanutus
340 1032 466 1094 autem
487 1045 551 1093 rex
571 1045 743 1095 sororem
761 1023 868 1120 quasi
887 1047 972 1095 cum
991 1022 1253 1120 dedignatione

154 1121 211 1194 eis
230 1126 410 1217 tradebat,
436 1123 578 1220 dicens,
606 1145 775 1196 sororem
795 1147 902 1196 suam
923 1147 1161 1222 nequaquam
1186 1123 1253 1194 im-

152 1223 338 1318 peratoris
357 1223 432 1295 filio
458 1224 689 1321 sociandam,
715 1223 747 1298 si
771 1224 887 1322 patris
906 1224 1115 1297 iuramenta
1134 1233 1252 1296 teme·

156 1346 242 1396 rare
267 1324 457 1398 voluisset.
503 1325 666 1398 Tradidit
692 1336 819 1398 tamen
849 1350 933 1399 eam
953 1325 1024 1398 illis
1043 1349 1130 1397 curn
1149 1323 1251 1422 equi·

147 1433 273 1496 tatura
302 1435 339 1497 et
357 1427 538 1499 vestitura
563 1426 753 1522 mediocri,
781 1429 848 1500 sed
868 1451 942 1498 non
961 1427 1062 1498 iuxta
1081 1425 1250 1538 regalem

146 1523 492 1638 magnificentiam,
528 1537 566 1600 et
600 1537 746 1626 partem
783 1529 969 1642 quandam
995 1527 1177 1626 pecunie,
1210 1535 1250 1598 ut

141 1624 287 1730 dictum
308 1637 380 1722 est,
399 1628 611 1726 persolvit1.
647 1629 725 1701 lam
745 1629 846 1700 enim
866 1628 963 1700 inter
980 1628 1247 1726 imperatorem

146 1735 189 1797 et
191 1722 339 1841 ipsum
360 1728 544 1803 discordia
564 1739 656 1826 erat,
683 1729 768 1828 quia
787 1730 992 1829 imperator
1014 1729 1088 1802 ab
1078 1753 1161 1827 rpso
1181 1729 1247 1800 ho·

142 1827 304 1902 minium
325 1830 511 1927 exigebat,
534 1831 681 1928 quod
650 1856 683 1904 er
702 1855 768 1904 rex
787 1835 961 1928 negabat,
989 1829 1248 1928 quiapropter

18 1971 20 1976 .
143 1930 359 2025 generum²
385 1956 507 2045 suum,
533 1936 667 2004 ducem
686 1932 916 2028 Heinricum,
944 1955 1056 2030 quem
1081 1934 1127 2003 de
1145 1940 1245 2003 terra

141 2029 330 2128 eiecerat,
358 2032 577 2106 occasiones
614 2034 828 2106 rebellionis
855 2036 1042 2106 adversus
1063 2056 1169 2127 eum,
1206 2041 1246 2104 ut

139 2131 295 2228 quidam
316 2133 480 2207 arbitrati
502 2143 588 2206 sunt
590 2134 814 2232 suscipere
834 2137 1091 2250 attemptabat.

224 2236 257 2306 3.
283 2233 337 2306 De
354 2233 582 2330 deposicione
600 2233 726 2307 domni
742 2235 905 2306 Heinrici
922 2236 1090 2327 episcopi.
1136 2231 1242 2306 Circa
1255 2251 1334 2306 rma.

138 2333 225 2406 dies
257 2333 339 2408 illos
368 2340 562 2432 egrotabat
580 2334 776 2422 Heinricus
796 2334 997 2448 episcopus
1016 2331 1244 2430 infirmitate,

138 2446 279 2531 quaet
307 2447 475 2508 mortuus
503 2447 570 2509 est.
615 2439 784 2534 Cumque
811 2435 924 2507 nimia
954 2433 1120 2532 corporis
1140 2433 1241 2504 inva-

137 2535 297 2609 litudine
323 2538 523 2633 laboraret
549 2537 794 2651 psalmodiis
796 2546 924 2608 tamen
952 2545 989 2608 et
1012 2531 1241 2608 orationibus

137 2661 217 2708 non
245 2637 367 2710 minus
387 2639 551 2711 intentus
577 2649 658 2712 erat
683 2649 719 2711 et
745 2638 863 2712 misse
882 2637 1062 2751 cilicium,
1087 2634 1213 2734 quod
1204 2660 1239 2706 m

139 2739 388 2812 veneratione
407 2740 595 2813 beateDei
614 2738 803 2854 genitricis
824 2737 988 2812 Marie
958 2762 1040 2810 sme
1053 2736 1240 2809 intermis-

135 2837 247 2912 sione
265 2839 537 2938 frequentabat,
558 2865 632 2912 non
652 2840 723 2914 nisi
741 2841 859 2913 tribus
878 2841 1008 2912 diebus
1026 2849 1112 2912 ante
1127 2840 1241 2936 depo}

137 2939 315 3012 sitionem
345 2966 452 3014 suam
472 2942 676 3015 omittebat.
720 2939 974 3014 Abstinentias
995 2941 1108 3014 etiam
1128 2963 1239 3037 quas-

135 3044 223 3113 dam
261 3042 447 3140 speciales
485 3042 665 3140 usquein
695 3039 809 3114 finem
846 3065 999 3114 servare
1035 3041 1237 3114 laborabat.

135 3143 308 3240 Cumque
339 3143 394 3214 vir
416 3145 484 3216 Dei
512 3144 586 3215 iam
619 3153 810 3215 certamen
842 3151 1047 3236 certasset,
1083 3164 1235 3214 cursum

132 3255 456 3339 consummasset,
470 3243 787 3317 lidemservasset
804 3253 841 3314 et
856 3242 931 3314 iam
949 3245 1111 3319 decerto
1131 3264 1236 3312 coro-

133 3369 224 3416 nam
242 3345 379 3418 iustitie
400 3345 467 3419 sibi
484 3345 687 3444 repositam
700 3368 774 3416 uon
793 3343 975 3417 dubitaret
977 3342 1096 3440 cepit
1106 3353 1233 3414 tamen

17 3477 18 3484 ¹
131 3444 235 3517 de
200 3471 310 3520 vmea
329 3447 491 3560 Domini,
512 3471 623 3562 quam
642 3445 789 3518 noviter
799 3445 1056 3543 plantaverat
1048 3470 1085 3516 m
1106 3468 1235 3516 mona-

129 3546 250 3618 sterio
270 3552 379 3621 beate
401 3547 553 3644 virginis
568 3548 634 3620 Dei
650 3546 842 3644 genitricis
863 3557 900 3618 et
919 3545 1038 3618 sancti
1060 3568 1232 3641 ewange-

132 3645 218 3720 liste
236 3647 386 3722 loannis
410 3649 561 3720 anxiari.
581 3649 625 3721 Et
643 3648 792 3721 etiamsi
806 3648 988 3721 dissolvi
979 3671 1054 3718 ram
1077 3656 1232 3758 cuperet

129 3757 172 3819 et
201 3753 393 3822 essecum
418 3747 602 3844 Christo,
628 3760 668 3822 ut
687 3773 770 3848 prus
798 3759 925 3821 tamen
953 3758 1082 3846 pastor
1101 3770 1229 3843 paucis
1319 3741 1321 3750 ‘

130 3858 169 3920 et
193 3852 316 3923 adhuc
342 3852 490 3925 tenellis
524 3850 654 3924 ovibus
688 3851 861 3949 luporum
893 3849 1048 3922 insidias
1076 3851 1233 3919 curabat

126 3951 336 4073 previdere.
364 3955 409 4026 Et
422 3957 509 4026 dum
525 3977 545 4025 a
561 3952 734 4026 fratribus
750 3975 843 4049 sepe
858 3951 1083 4047 visitaretur,
1099 3936 1223 4021 dicen·

130 4133 209 4199 nd.
233 4134 312 4189 1133.
339 4138 380 4191 vel
399 4130 508 4190 ineunte
530 4134 601 4188 1184
619 4137 718 4191 lactum
740 4153 797 4189 esse
818 4135 936 4193 videtur:
963 4151 988 4186 v.
1008 4131 1166 4204 Uaingerp.
1183 4131 1227 4186 53.

127 4205 181 4276 2)'
173 4226 257 4261 immo
276 4227 409 4276 socerum,
429 4229 453 4266 v.
468 4228 490 4264 s.
505 4208 538 4276 ll,
551 4210 596 4263 22.
617 4229 643 4282 p.
658 4208 702 4263 68.
741 4209 782 4264 De
801 4227 873 4264 rev.
895 4206 1030 4300 Helmold.
1051 4209 1070 4261 l.
1088 4205 1122 4274 11,
1141 4224 1164 4261 c.
1183 4206 1236 4260 14.-

123 4277 155 4348 3)
175 4279 224 4352 Ep.
244 4279 359 4356 Philipp.
382 4285 406 4348 l,
424 4283 469 4338 23.
788 4321 791 4328 .

101 4411 104 4418 ’
186 4414 195 4450 l
