3116 5014
151 471 359 546 ARNOLDI
385 471 625 547 CHRONICA
651 471 918 548 SLAVORUM.
970 471 1056 546 LlB.
1083 473 1125 546 ll.
1179 479 1226 549 37
1327 477 1332 488 ’

124 675 164 747 in
189 673 286 746 ovile
313 671 441 743 ovium
461 693 536 742 non
555 695 623 770 per
641 672 779 746 ostium
798 672 1046 769 intraverunt,
1075 677 1140 748 sed
1165 673 1229 747 ali-

117 770 728 847 undeascendentem-ecclesiam
744 795 871 846 errore
887 773 1102 848 scismatico
1117 799 1230 848 vexa·

125 885 271 973 verunt.
314 875 433 948 Cesar
452 872 565 969 igitur
592 872 788 949 fortunatis
816 874 999 949 bellorum
1026 875 1320 952 frustratusnro.

129 976 341 1072 eventibus,
365 973 532 1071 graviter
551 973 738 1067 anxiatus
762 973 892 1046 exiens
921 979 967 1047 de
986 973 1123 1048 finibus
1142 975 1228 1072 illis,

7 1171 9 1174 Ι
124 1075 363 1148 transmissis
390 1073 544 1170 Alpibus
570 1073 674 1147 venit
701 1075 738 1145 in
766 1085 894 1172 partes
920 1075 1228 1169 Teutonicorum,

127 1187 166 1250 et
186 1174 401 1250 convocatis
415 1173 658 1272 principibus
677 1175 731 1247 eis
745 1175 1065 1272 perturbationem
1080 1176 1228 1273 imperii

126 1275 314 1374 exposuit,
343 1284 382 1346 et
410 1276 456 1346 ad
481 1273 785 1371 comprimendos
809 1276 971 1348 rebelles
995 1275 1032 1347 in
1059 1276 1227 1348 Italicam

125 1375 403 1474 expeditionem
438 1397 503 1446 eos
543 1399 673 1447 secum
708 1376 889 1448 evocavit.
932 1377 1075 1448 Ducem
1113 1376 1228 1450 etiam

122 1476 342 1550 Heinricum
371 1477 416 1548 ad
443 1475 548 1548 'huno
574 1475 744 1548 laborem
772 1476 875 1548 omni
906 1475 1090 1548 instantia
1113 1479 1227 1549 addu-

125 1601 213 1650 cere
239 1585 396 1648 conatus
425 1575 520 1672 est²7
548 1587 585 1647 et
611 1577 694 1674 qnia
724 1601 811 1648 eum
836 1575 1110 1649 formidabilem
1129 1576 1227 1650 Lon·

8 1743 9 1746 ,
124 1677 299 1775 gobardis
328 1687 505 1774 expertus
526 1687 619 1773 erat,
644 1677 802 1774 dicebat,
830 1701 872 1749 se
891 1677 1117 1756 omnimodis
1144 1680 1227 1749 sine

121 1777 241 1874 ipsius
273 1776 465 1874 presentia
504 1787 632 1849 contra
666 1801 731 1860 eos
764 1779 960 1874 prevalere
993 1801 1067 1850 non
1099 1801 1227 1875 posse.

7 1907 8 1910 ¹
121 1879 284 1951 Eoontra
311 1876 372 1948 ille
400 1881 658 1974 pretendebat³
687 1901 729 1951 se
755 1878 881 1950 multis
900 1878 1088 1950 laboribus
1109 1889 1146 1950 et
1165 1902 1251 1950 en·-i

123 1976 375 2076 peditionibus
394 1987 472 2048 tam
492 1977 628 2051 ltalicis
648 2003 761 2074 quam
782 1978 895 2050 etiam
915 1978 997 2050 aliis
1017 1977 1227 2050 innumeris

111 2087 254 2176 ¹utpote
273 2077 347 2148 iam
369 2075 526 2150 senem³
545 2079 746 2174 delenisse⁷
767 2087 803 2150 et
822 2079 924 2150 omni
943 2078 1140 2152 devotione
1159 2078 1227 2150 im·

121 2177 312 2278 peratorie
344 2178 532 2251 maiestati
565 2203 606 2252 se
638 2185 905 2253 obsecuturum
942 2177 1154 2252 affirmabat
1189 2179 1227 2250 in

7 2333 9 2336 -
123 2303 216 2352 auro
245 2287 283 2351 et
309 2289 466 2376 argento
493 2279 705 2376 ceterisque
732 2279 917 2376 impensis
945 2283 990 2350 ad
1020 2279 1226 2350 exercitum

125 2379 436 2476 contrahendum,
460 2403 503 2451 se
521 2389 650 2452 tamen
670 2379 823 2450 omnino
843 2379 946 2450 salva
968 2379 1087 2476 gratia
1106 2377 1226 2476 ipsius

7 2561 8 2564 Ἴ
122 2481 161 2552 in
188 2503 352 2578 persona
382 2478 531 2578 propria
557 2480 688 2552 venire
716 2503 832 2576 posse
860 2483 1034 2576 negabat.
1074 2479 1128 2550 Ad
1153 2479 1226 2550 heo
1309 2535 1311 2538 -

7 2585 8 2588 ’
121 2581 348 2678 imperator:
383 2579 492 2675 Deus,
516 2579 647 2677 inquit,
673 2580 739 2652 oeli
756 2586 789 2652 te
807 2581 900 2651 inter
912 2580 1098 2672 principes
1115 2577 1226 2650 subli-
1320 2595 1323 2600 ·

7 2679 9 2734 ἶ
123 2683 241 2753 movit
255 2687 290 2752 et
308 2678 442 2752 divitiis
467 2679 716 2754 ethonoridus
741 2703 850 2774 super
875 2703 999 2752 omnes
1023 2678 1225 2774 ampliavit,

124 2805 230 2854 omne
248 2780 362 2853 robur
379 2784 521 2874 imperii
538 2785 575 2855 in
593 2787 626 2854 te
640 2783 816 2876 consistit,
836 2787 872 2852 et
882 2782 1019 2852 iustum
1035 2787 1097 2874 est,
1114 2785 1157 2850 nt
1174 2777 1225 2850 ad

125 2879 398 2968 confortandos
423 2905 555 2954 manns
574 2885 736 2955 omnium
752 2881 836 2953 huie
852 2883 996 2975 nepotio
1010 2881 1225 2972 precipuum

123 2989 157 3054 te
180 2981 359 3077 exbibens,
384 2989 427 3054 nt
448 2983 683 3078 respublica,
707 3005 774 3079 qne
793 2981 869 3052 labi
887 2983 989 3076 oepit,
1005 3003 1071 3073 per
1089 2986 1122 3051 te
1140 3003 1224 3052 eon-

90 3077 91 3081 ’
122 3081 299 3177 valescat,
322 3105 516 3178 perquem
538 3086 711 3177 precipue
731 3081 904 3154 haetenus
930 3103 968 3152 se
990 3082 1129 3152 stetisse
1150 3103 1225 3152 non

125 3181 279 3255 dubitet.
324 3181 520 3255 Memorem
545 3190 577 3255 te
596 3181 868 3276 essevolumus,
896 3179 1004 3277 qnod¹
1018 3179 1129 3251 nichil
1146 3201 1225 3250 nm-

124 3305 237 3380 quam
261 3289 320 3354 tue
343 3282 525 3356 voluntati
547 3286 758 3378 nepooimns
784 3289 820 3354 et
843 3283 931 3377 quio
949 3279 1141 3352 inhonore
1159 3285 1223 3350 tuo
1278 3354 1280 3358 ,

125 3381 340 3476 ampliando
358 3407 498 3478 semper
510 3386 640 3476 parati
656 3386 806 3478 fuimus,
824 3381 980 3474 inimicis
998 3381 1071 3452 tuis
1088 3381 1226 3451 inimici

7 3541 9 3550 2
124 3505 265 3576 semper
277 3485 416 3570 fuimus
435 3491 470 3556 et
480 3483 620 3556 nullum
635 3483 829 3556 aduersum
843 3488 876 3554 te
889 3479 1078 3576 prevalere
1090 3482 1225 3573 permi-

7 3613 10 3630 =
122 3587 248 3655 simus.
293 3583 401 3656 litut
420 3591 736 3658 sacramentorum
761 3581 868 3673 fidem
887 3574 1097 3654 omittamus
1113 3603 1226 3676 quam

7 3753 8 3758 ,
123 3685 275 3776 imperio
303 3687 470 3780 firmasti,
496 3689 698 3758 meminisse
722 3691 755 3756 te
781 3681 950 3756 uolumus
968 3683 1224 3776 eonsenpnini·

123 3786 211 3854 totis
227 3789 303 3880 pue
320 3783 426 3856 nobis
443 3807 552 3877 snper
569 3788 693 3858 omniu
712 3787 853 3880 teneris,
880 3791 923 3856 nt
936 3785 974 3856 in
987 3783 1149 3880 presenti
1165 3803 1224 3852 ne-

7 3881 9 3884 ’
123 3887 291 3956 cessitate
319 3888 418 3957 omni
441 3883 630 3981 fidelitate,
664 3891 785 3978 upote
807 3886 929 3978 nepoti
955 3888 988 3955 et
1016 3881 1164 3954 domino
1193 3887 1229 3952 et

123 3985 259 4082 amico,
277 3984 384 4058 nodis
401 4007 589 4079 occurras,
613 3983 708 4056 etde
727 3989 842 4057 cetero
862 3983 913 4079 nd
932 3984 1057 4068 omnio
1078 4004 1145 4078 que
1162 4003 1224 4052 oo·

8 4163 14 4168 .
123 4118 329 4190 nullumne
349 4117 399 4173 Er.
418 4119 545 4172 lobannis
567 4117 609 4183 10,
629 4117 645 4170 ⁷
665 4137 705 4190 sq.
804 4119 892 4190 2)1)e
911 4093 981 4181 loeo,
1001 4135 1055 4188 quo
1076 4126 1224 4172 conventus

121 4191 169 4245 ille
189 4193 300 4246 ineunte
320 4210 343 4246 a.
365 4191 445 4245 1176.
469 4191 578 4244 habitus
596 4192 640 4253 sit,
667 4201 693 4246 et
711 4193 746 4246 de
764 4200 820 4246 tots
840 4193 993 4246 narratione
1011 4190 1134 4262 sequenti
1153 4208 1224 4245 eon-

121 4265 165 4320 ler
185 4282 255 4338 quae
270 4275 406 4335 postremo
426 4263 570 4332 disputavit
589 4261 666 4318 Cohn
692 4265 720 4318 in
737 4262 922 4336 Gdttingisohe
938 4263 1066 4320 Galehrte
1085 4263 1224 4333 Anaeigen

122 4336 195 4391 1863
209 4355 243 4409 p.
253 4337 305 4390 461
320 4355 359 4410 sq.
379 4345 406 4392 et
427 4335 496 4390 1866
507 4355 534 4408 p.
546 4334 600 4390 618
610 4355 649 4408 sq.
725 4336 752 4411 3)
770 4335 856 4392 Natus
876 4347 916 4392 est
932 4355 956 4392 a.
969 4336 1049 4412 1129.
