3116 5014
155 454 361 530 annotet
386 455 625 540 CHRONlCA
651 455 917 532 stnvottttn.
969 457 1054 530 LlB.
1081 457 1139 530 lll.
1192 462 1240 536 75

131 656 320 756 aliquibus
335 660 536 732 absurdum
548 656 729 754 videatur,
740 661 837 755 quod
853 658 1112 757 sompniorum
1128 684 1239 760 argu·

130 758 274 832 mentis
292 759 366 833 ista
383 762 599 857 probamus,
626 760 671 832 ad
696 759 956 832 auctoritatem
978 761 1097 834 sancti
1117 785 1239 834 ewan-

129 859 223 958 gelii
247 860 330 934 illos
359 859 554 955 mittimus,
579 857 640 932 ubi
666 859 883 958 frequenter
906 860 1055 958 legitur,
1079 862 1237 960 angelos

129 961 170 1034 in
204 960 375 1059 sompnis
403 960 622 1058 apparuisse
659 961 819 1058 loseph,
852 971 891 1036 et
916 961 978 1034 illa
1009 962 1070 1034 vel
1095 962 1158 1035 illa
1190 965 1236 1036 de

127 1085 252 1160 puero
280 1063 391 1136 lhcsu
418 1071 455 1134 et
481 1064 527 1134 de
552 1071 673 1134 matre
697 1061 777 1134 eius
804 1062 837 1135 ei
862 1061 1014 1136 dixisse.
1058 1063 1236 1138 Pretcrea

128 1163 169 1234 in
205 1187 312 1236 sacra
350 1161 533 1260 scriptura
571 1162 692 1234 multa
730 1161 905 1261 sompnia
935 1163 1158 1260 recitantur7
1195 1175 1235 1237 ut

12 1271 14 1340 ἶ
131 1263 256 1336 sancti
275 1263 439 1338 Danielis
460 1273 497 1336 et
510 1262 629 1336 sancti
645 1263 795 1362 loseph,
813 1287 887 1362 quc
902 1262 1025 1356 fidelia
1039 1264 1234 1338 inveniun-

127 1374 193 1438 tur
209 1375 285 1438 tarn
301 1388 367 1464 pro
384 1363 542 1438 veritate
558 1364 782 1463 scriptorum
802 1389 915 1464 qnam
930 1390 997 1464 pro
1013 1366 1233 1440 auctoritate

127 1489 263 1538 corum
283 1467 329 1540 de
345 1465 478 1564 quibus
493 1465 631 1564 scripta
650 1466 839 1564 leguntur,
859 1465 919 1564 qui
934 1490 1001 1540 sua
1017 1465 1235 1541 testimonia

123 1566 328 1640 sanctitate
344 1577 381 1640 et
402 1566 545 1640 meritis
565 1566 891 1640 confirmaverunt.
924 1567 1029 1656 Quod
1046 1568 1077 1642 si
1092 1567 1235 1645 auctori

124 1667 241 1740 huius
269 1667 547 1766 operis‘minus
580 1667 681 1742 credi
708 1678 833 1776 potest
856 1691 970 1767 quam
998 1669 1092 1766 iltis,
1117 1657 1248 1742 immo

124 1770 213 1866 quia
242 1792 332 1842 vere
355 1767 523 1868 potcst¹7
557 1768 639 1867 ipse
666 1793 751 1842 cum
779 1769 949 1867 apostolo
975 1769 1232 1843 testimonium

123 1867 316 1943 fidelitatis
332 1869 369 1942 in
384 1872 456 1944 hac
471 1880 577 1968 parte
593 1870 662 1944 sibi
677 1869 868 1969 perhibet:
890 1870 964 1960 (lue
978 1877 1098 1944 cutem
1111 1869 1231 1944 scribo

22 1969 26 1976 ’
125 1970 243 2066 uobie,
263 1995 342 2044 ecce
355 1970 585 2067 cornuallem
603 1973 691 2068 quio
707 1995 781 2044 non
798 1973 953 2044 mentior
962 1971 986 2044 ².

153 2099 156 2105 ·
205 2075 239 2144 4.
257 2071 310 2145 De
328 2071 568 2146 destructione
581 2071 817 2145 Louenborclt
831 2078 866 2144 et
880 2071 1230 2169 supccionellb'cloti.

122 2173 210 2246 Dux
241 2183 368 2246 autem
399 2173 633 2270 BernardnS‚
668 2183 709 2245 ut
738 2174 861 2245 minus
892 2173 1043 2272 sapiens
1081 2177 1231 2270 agebat,

121 2273 286 2372 ideoque
305 2275 429 2348 minus
448 2298 629 2373 prospere
650 2276 885 2371 procedebat.
928 2275 1035 2369 Nam,
1058 2284 1231 2370 utsupra

12 2449 13 2454 ,
119 2373 265 2448 dictum
283 2372 376 2470 esr³,
395 2399 481 2448 curn
496 2375 719 2472 quibusdam
739 2373 962 2447 novitatibus
980 2373 1230 2472 provinciales
1345 2442 1348 2450 .

120 2487 315 2574 gravaret7
336 2487 466 2550 contra
485 2476 662 2548 comitem
681 2475 854 2548 Adollam
876 2485 913 2548 et
930 2475 1163 2548 Bernardum
1183 2477 1229 2548 de

13 2599 14 2604 ’
119 2577 344 2674 Recesburg
369 2588 406 2652 et
424 2577 673 2653 Guncelinurn
693 2579 739 2650 de
757 2577 892 2650 Zverin
916 2577 1076 2676 quedam
1101 2575 1228 2674 inepte

120 2678 276 2751 molitus
296 2689 363 2752 est.
400 2679 532 2752 Adollo
557 2677 740 2776 siquidem
762 2678 887 2750 comiti
907 2702 1062 2752 omnem
1087 2688 1228 2750 terram

13 2829 14 2832 ,
119 2803 197 2878 qne
217 2777 441 2854 Ratekowel
459 2779 619 2852 attinere
637 2778 782 2875 dicitur,
808 2804 920 2877 quam
940 2782 1012 2852 ‹lnx
1031 2778 1227 2852 Heinricus

120 2880 226 2979 prius
246 2881 440 2976 habuerat,
461 2891 498 2953 et
512 2881 670 2954 Todeslo
685 2880 873 2952 civitatem
889 2880 1055 2954 adimere
1071 2890 1229 2952 conatus,

120 2992 192 3053 est.
219 2981 416 3056 Civitatem
437 3005 584 3080 quoque
604 2981 756 3054 Lubeke
775 2981 844 3056 sibi
864 3006 1047 3080 usurpare
1065 2981 1231 3068 volebat.¹

120 3082 332 3180 Imperator
350 3107 439 3156 vero
464 3083 652 3156 civitatem
677 3093 831 3181 propter
856 3082 1054 3156 utilitatem
1075 3081 1226 3154 tributo·

119 3207 207 3255 rum
221 3185 283 3256 vel
298 3183 382 3282 quia
402 3174 439 3257 in
457 3181 532 3256 line
547 3183 693 3282 imperii
712 3184 782 3256 sita
803 3193 873 3280 cst,
888 3181 956 3255 sibi
975 3181 1137 3278 retinuit,
1158 3205 1225 3278 pro

122 3308 199 3381 qua
229 3295 357 3358 tamen
393 3285 477 3360 duci
508 3285 698 3357 Bernardo
736 3282 996 3357 Hidesacher⁵
1028 3293 1065 3355 et
1094 3281 1226 3380 viginti

122 3408 280 3458 mansos
300 3386 407 3460 valde
427 3390 545 3460 bonos
565 3384 811 3483 consignavit.
848 3383 943 3472 Quia
962 3409 1051 3456 vero
1070 3383 1225 3457 Adollus

78 3537 80 3545 ι
121 3486 365 3576 medietatem
384 3487 607 3580 tributorum
626 3489 672 3560 de
692 3485 840 3572 civitate
853 3485 1006 3560 Lubeke
1028 3510 1074 3558 ex
1087 3484 1226 3559 benefi-

121 3586 181 3660 cio
206 3587 443 3686 imperatoris
462 3589 636 3682 habebat,
663 3597 864 3687 propterea
890 3587 1011 3685 magis
1038 3611 1124 3660 eum
1151 3588 1225 3658 <lux

121 3687 334 3764 Bernardus
353 3689 569 3788 impetebat.
611 3689 747 3762 Comiti
774 3713 864 3762 vero
883 3692 929 3762 de
948 3689 1168 3784 Racesburg
1187 3696 1226 3758 et

121 3789 248 3862 comiti
268 3791 474 3865 Guncelino
502 3794 547 3864 de
566 3791 701 3864 Zverin
726 3801 872 3890 partem
898 3793 1086 3888 quandam
1110 3791 1225 3862 benc·

118 3888 289 3964 liciorum
316 3917 469 3966 suorum
488 3892 713 3966 imminuere
733 3896 948 3991 temptabat.
991 3891 1104 3982 Unde„
1123 3912 1223 3961 com·

15 4087 16 4090 Ἴ
120 3992 226 4087 moti,
252 3995 462 4092 conglobati
486 3994 672 4091 inunum,
700 3997 831 4068 urbem
854 3992 972 4092 ipsius
997 3992 1223 4088 Louenburg

122 4175 146 4246 l)
165 4177 223 4230 scil.
244 4179 267 4230 ei
289 4178 369 4231 credi.
459 4177 485 4249 2)
505 4176 556 4246 Ep.
577 4175 662 4230 Galat.
685 4177 708 4240 l,
729 4177 772 4232 20.
863 4176 888 4246 3)
910 4195 933 4230 c.
957 4176 980 4230 l.
1060 4174 1086 4241 4)
1106 4173 1220 4236 Reum,

16 4309 21 4318 .
119 4249 182 4302 nilla
202 4251 363 4320 parochialis
383 4268 466 4320 prope
485 4250 641 4305 Schwartau
662 4259 688 4304 el
707 4247 934 4306 Olden-Lubeclr.
1022 4249 1048 4322 5)
1067 4246 1225 4324 Hitzrolrer.

16 4391 17 4394 Ἴ
118 4326 153 4378 ad
174 4323 265 4378 Albim
284 4323 393 4377 fluvium
414 4323 506 4378 situm.
