3116 5014
196 489 405 563 ARNOLDI
427 445 672 564 CHRONICAJ
690 477 956 566 SLAVORUM.
999 491 1094 564 LlB.¹
1115 489 1141 564 l.
1194 497 1243 569 19

146 702 183 764 et
196 691 380 790 lapidibus
396 691 589 789 preciosis.
622 691 712 764 lnde
727 715 796 789 per
810 695 969 766 candem
985 691 1086 768 viam
1101 693 1246 770 reversi
1257 703 1337 766 11⁷2.

3 813 7 870 p
146 801 233 868 suot
260 793 305 864 ad
334 791 549 889 ecetesiam,
576 801 613 866 et
640 792 844 866 collocatus
871 804 931 867 est
956 817 1022 868 rex
1045 795 1083 868 in
1108 795 1244 870 throno

146 917 215 965 suo
243 893 409 990 excelso,
433 904 470 966 et
495 895 568 966 dux
587 893 623 964 in
644 893 716 967 alio
735 893 836 966 iuxta
856 916 957 993 eum,
983 907 1020 970 ct
1039 895 1243 972 missarum

146 993 371 1092 sollempnia
395 995 689 1068 celebrabantur.

221 1101 254 1171 5.
290 1094 343 1167 De
368 1094 616 1189 disputatione
635 1095 831 1168 Grecorum
858 1097 1243 1172 etHeiuriciubbatis.

2 1214 6 1220 ·
144 1196 261 1293 Igitur
278 1197 571 1294 postmeridiem
591 1219 676 1270 cum
696 1216 762 1269 rex
781 1218 866 1270 cum
886 1201 981 1271 duce
999 1199 1108 1272 letior
1128 1210 1245 1298 esset⁷

145 1298 263 1370 movit
290 1298 526 1395 questionem
556 1299 716 1371 domnus
739 1299 1033 1373 Wormaciensis
1061 1323 1243 1374 unacum

144 1398 354 1471 Lubicense
369 1423 467 1472 cum
489 1399 768 1474 litteratioribus
788 1399 996 1473 Grecorum
1020 1403 1066 1474 de
1092 1425 1245 1500 proces-

3 1517 5 1522 ·
145 1499 251 1572 sione
271 1499 430 1598 Spiritus
457 1500 587 1573 sancti.
628 1501 764 1573 Dicunt
788 1500 888 1572 enim
908 1501 1036 1598 Greci,
1064 1499 1243 1600 Spiritum

5 1669 8 1681 ,
146 1610 317 1674 sanctum
351 1605 555 1698 procedere
579 1611 726 1674 tantum
752 1625 773 1673 a
796 1603 906 1675 Patre
933 1613 971 1675 et
997 1627 1072 1674 non
1096 1627 1116 1676 a
1140 1601 1245 1700 Filio⁷

144 1701 268 1774 verbis
288 1702 436 1774 Domini
459 1701 570 1776 nimis
590 1703 832 1799 adherentes,
851 1701 913 1802 qui
928 1706 974 1776 de
997 1704 1243 1801 processione

144 1802 304 1900 Spiritus
325 1803 444 1876 sancti
463 1804 621 1902 loquens
642 1803 711 1876 ait:
744 1804 834 1877 Cum
848 1805 1245 1879 uuternvcueritl’uru·

144 1903 267 2000 cletus,
294 1907 356 2000 qui
378 1927 402 1976 u
418 1904 528 1976 Putre
541 1903 712 1998 procedit
727 1904 821 1978 etc.1
866 1905 1152 2005 Opponentibus
1180 1931 1244 1980 au·

143 2013 220 2076 tem
240 2004 327 2103 illis,
346 2005 431 2104 quia
450 2005 608 2104 Spiritus
628 2006 798 2105 procedit
815 2031 836 2079 a
855 2006 944 2079 Filio
965 2007 1061 2081 sicut
1079 2033 1101 2080 a
1119 2009 1243 2102 Patre.

145 2105 230 2203 quia
251 2107 410 2204 Spiritus
430 2117 584 2180 sanctus
605 2117 664 2181 est
678 2108 796 2180 Patris
817 2117 853 2180 et
866 2107 945 2180 Filii
960 2119 1009 2206 et⁷
1029 2133 1115 2182 curn
1129 2109 1245 2207 Spiri-

3 2277 4 2280 ,
142 2213 204 2280 tus
233 2207 352 2280 sancti
378 2207 498 2305 gratia
522 2211 630 2280 datur
647 2208 875 2306 hominibuS,
899 2209 1068 2307 profecto
1088 2209 1245 2282 mittitur

145 2308 302 2404 aPatre7
321 2307 477 2381 mittitur
495 2319 531 2382 et
550 2334 571 2381 a
590 2307 693 2405 Filio,
712 2309 880 2407 procedit
898 2335 919 2382 a
934 2310 1056 2406 Patre,
1075 2309 1244 2407 procedit

145 2421 182 2482 et
201 2435 220 2482 a
239 2410 342 2506 Filio,
370 2411 453 2508 quia
474 2409 606 2483 missio
626 2420 684 2484 est
708 2411 790 2508 ipsa
811 2409 891 2482 eius
911 2410 1117 2508 processio.
1153 2410 1244 2484 Gre-

145 2511 199 2584 cis
227 2511 348 2586 adhuc
367 2509 717 2607 contradicentibus
746 2510 853 2608 quasi
875 2511 997 2608 plenis
1017 2511 1243 2586 auctoritati-

143 2615 214 2686 bus
234 2615 400 2686 nondum
419 2611 599 2709 conclusi,
618 2615 732 2686 abbas
752 2611 964 2710 Heinricus
980 2613 1037 2687 vir
1054 2613 1243 2686 litteratis-

3 2771 4 2774 .
144 2713 263 2787 simus
279 2707 321 2787 'et
335 2713 640 2810 facundissimus,
660 2716 831 2787 modeste
845 2713 1021 2787 incoans:
1046 2713 1130 2787 Nou
1149 2739 1242 2788 crre-

142 2819 201 2912 tis,
219 2815 282 2911 ait,
310 2839 331 2888 o
348 2814 519 2888 catholici
542 2821 578 2887 et
602 2813 764 2910 relipiosi
780 2817 865 2912 oiri,
890 2811 1046 2888 diceutes
1064 2815 1243 2909 Spiritum

143 2921 462 3004 suuctumtuutum
476 2937 500 2987 u
513 2915 624 2988 Putre
633 2915 842 3013 procedere,
862 2923 897 2989 et
907 2937 980 2990 uon
995 2941 1020 2988 u
1033 2915 1140 3013 Filio,
1154 2920 1242 3014 quia
1380 2936 1381 2945 ¹

138 3018 251 3113 piune
263 3015 473 3111 procedito
490 3016 583 3090 Filio
601 3019 699 3090 sicto
714 3041 738 3090 u
755 3017 875 3090 Putre.
911 3016 1017 3108 (luod
1033 3042 1167 3112 uapore
1183 3017 1242 3090 he*

142 3121 339 3192 reticorum
357 3125 419 3194 cst.
449 3117 555 3208 (lund
569 3121 662 3191 enim
681 3116 725 3190 de
742 3125 895 3215 utroque
907 3117 1099 3216 procedat,
1117 3118 1242 3192 multis

3 3297 4 3300 ,
144 3219 350 3294 diuinorum
369 3219 595 3316 eloquiorum
614 3221 826 3292 testimoniis
841 3219 1111 3315 comprobatur.
1145 3219 1246 3292 Dicit

144 3325 238 3394 euim
268 3319 477 3415 apostolus:
526 3320 626 3392 lllisit
657 3321 758 3393 Deus
789 3320 968 3418 Spiritum
1000 3320 1077 3392 Filii
1115 3322 1171 3393 sui
1203 3318 1241 3392 in

145 3425 257 3496 corda
276 3431 405 3496 nostra
417 3420 442 3493 ².
478 3421 572 3494 Ecce
588 3420 646 3492 laic
665 3418 797 3494 dicitur
815 3421 973 3516 Spiritus
990 3421 1083 3494 Filii.
1111 3421 1160 3494 Et
1171 3421 1242 3493 ibi:

143 3523 215 3612 Qui
241 3535 368 3598 autem
387 3521 565 3622 Spiritum
586 3521 723 3597 Christi
749 3525 973 3620 nonhabet,
1001 3524 1061 3595 hio
1087 3547 1162 3594 non
1184 3533 1242 3594 est

146 3624 260 3698 eius³.
295 3626 376 3720 lpse
399 3625 507 3696 edum
523 3622 638 3696 Filius
664 3622 707 3695 de
725 3622 864 3718 Spiritu
882 3631 1009 3698 sancto
1028 3625 1065 3697 iu
1084 3647 1243 3718 cwoupc·

145 3725 287 3800 licuit:
315 3727 437 3814 Quem
457 3749 529 3823 ego
549 3725 694 3796 mittam
710 3725 814 3801 vobis
831 3751 850 3798 a
866 3727 977 3800 Patre
986 3723 1011 3798 ⁴.
1039 3725 1163 3799 Putris
1176 3747 1243 3797 uu·

144 3835 214 3900 tem
233 3827 390 3923 Spiritus
408 3825 526 3899 dictus
544 3831 606 3922 cst,
630 3825 693 3898 ubi
710 3826 861 3922 lepitur:
897 3827 1057 3927 Spiritus
1078 3827 1159 3900 eius
1180 3823 1241 3924 qui

145 3929 341 4002 suscitavit
359 3931 484 4002 lesum
505 3927 710 4025 amortuis⁷
729 3927 872 4015 habitat
887 3929 924 4001 in
940 3927 1080 4002 vobis⁵.
1108 3927 1244 4022 litipsc
1313 3931 1315 3938 ⁴

145 4031 307 4104 Christus
326 4029 433 4103 dicit:
462 4029 543 4102 Non
560 4028 658 4101 enim
680 4053 747 4100 vos
768 4029 859 4104 estis
876 4031 937 4128 qui
950 4027 1158 4126 loquimini,
1175 4029 1240 4101 sed

143 4131 304 4230 Spiritus
324 4131 440 4232 patris
461 4129 591 4226 vestri⁷
611 4130 671 4228 qui
690 4130 852 4228 loquitur
870 4131 907 4203 in
926 4125 1066 4204 vobis‘.
1101 4129 1151 4202 Et
1166 4129 1242 4201 ulio

146 4286 170 4350 n
192 4286 303 4340 rosana.
326 4269 373 4350 ra
388 4285 434 4343 ac.
479 4285 541 4357 ⁴2)
562 4283 649 4341 uarat.
670 4286 696 4350 4,
716 4287 741 4341 s.
817 4285 1068 4356 sistuanus.
1144 4285 1170 4354 4)
1192 4282 1242 4337 av.
1315 4273 1318 4278 ’

144 4359 257 4415 lobann.
277 4361 295 4413 l.
316 4362 333 4414 l.
409 4359 436 4433 5)
456 4358 570 4414 Roman.
589 4358 624 4425 8,·
639 4360 681 4414 ll.
756 4359 782 4432 6)
802 4357 897 4416 Matth.
921 4361 963 4426 lb,
981 4361 1028 4459 litt.

962 4439 983 4512 2
