3116 5014
328 443 376 512 76
426 438 636 514 ARNOLDI
663 437 904 514 CHRONICA
930 438 1195 514 SLAVORUM.
1239 437 1325 512 LIB.
1350 439 1413 513 111.

328 663 545 739 expugnare
564 641 735 740 aggressi
754 653 851 714 sunt.
882 643 1052 741 Cumque
1067 644 1247 717 adversus
1267 665 1352 715 eam
1370 665 1440 714 ur·

327 741 519 820 dinassent
534 742 765 816 obsidionem
779 752 818 816 et
831 743 1026 817 machinas
1040 743 1324 843 fecissent‚p0st
1337 766 1435 842 pau-

327 876 393 926 cos
411 849 492 928 dies
511 853 556 923 ad
576 849 698 922 sotum
718 871 803 919 eam
821 845 1024 921 diruerunt.
1065 848 1148 920 Dux
1166 857 1294 920 autem
1313 856 1352 917 ut
1370 845 1439 917 vir

326 963 547 1026 mansuetus
567 950 621 1023 eis
640 949 819 1023 talionem
837 951 994 1024 reddere
1014 973 1087 1022 non
1103 948 1248 1043 valens,
1265 946 1435 1045 impera·

326 1065 447 1128 turem
475 1053 564 1126 adiit
588 1061 625 1124 et
642 1051 715 1124 hec
733 1050 770 1123 in
789 1051 981 1148 presentia
1005 1051 1085 1124 eius
1104 1059 1334 1149 conquestus
1357 1059 1438 1130 est.

325 1156 381 1229 llti
402 1165 528 1228 autem
550 1153 744 1252 cupientes
764 1161 941 1226 excutere
962 1151 1091 1251 iugum
1112 1149 1257 1224 eiusde
1276 1149 1434 1224 cervici·

326 1261 395 1332 bus
423 1255 512 1354 suiS,
538 1279 631 1354 quus
660 1254 693 1328 ei
721 1253 863 1326 anricus
888 1252 1057 1328 sciebant
1075 1277 1161 1328 esse
1177 1255 1234 1325 de
1252 1261 1351 1325 terra
1372 1251 1435 1322 fu-

325 1380 417 1456 gare
445 1357 567 1430 cunuti
594 1367 692 1430 sunt.
742 1356 846 1430 Unde
873 1365 1103 1454 congregato
1134 1353 1300 1427 exercitu
1328 1353 1428 1424 clam

323 1471 465 1532 terram
493 1458 711 1533 Sclavururn
739 1457 934 1548 intrantes
960 1457 1106 1530 occultu
1136 1458 1297 1554 quodam
1326 1453 1430 1526 aditu

324 1571 436 1634 noctu
450 1569 729 1658 occupaverunt
744 1556 1083 1653 casuumYlowe1,
1103 1568 1140 1630 et
1154 1557 1322 1630 clanculo
1337 1555 1433 1627 illud

323 1661 522 1757 intrantes,
532 1669 691 1732 matrem
702 1659 859 1754 nyctos,
878 1658 940 1757 qui
950 1658 1164 1732 Wertizlavi
1178 1657 1428 1752 filiusfuerat‚

323 1761 409 1834 inde
443 1764 655 1850 eiecerunt„
683 1759 894 1858 ceterisque
928 1759 1123 1859 captivatis
1149 1761 1429 1834 succenderunt

323 1862 448 1960 ipsum
463 1872 641 1956 castrum,
654 1871 691 1934 et
706 1861 930 1960 depopulata
943 1861 1050 1934 -urnni
1066 1872 1165 1934 terra
1180 1859 1323 1934 reversi
1337 1869 1427 1932 sunt

324 1967 369 2036 ad
389 1963 472 2036 loca
494 1987 562 2036 sua
578 1986 669 2045 cum,
679 1961 807 2060 spoliis
822 1961 958 2035 multis.
994 1962 1178 2036 Burvinus
1201 1985 1304 2056 vero,
1327 1958 1429 2032 filius

322 2063 529 2158 Pribizlavi7
541 2063 602 2162 qui
615 2061 729 2136 filiurn
746 2061 909 2137 Heinrici
926 2063 1031 2137 ducis
1047 2060 1426 2160 habebat‚Mechthil·

324 2163 433 2238 dam²
462 2164 622 2260 dictam,
646 2160 806 2264 optinuit
828 2175 950 2237 castra
969 2166 1134 2238 Rostoch
1161 2176 1198 2238 et
1222 2163 1428 2248 Michelen-

323 2270 427 2364 burg.
463 2266 640 2362 Nyclotus
667 2275 794 2340 autem
809 2266 958 2364 fugiens
978 2269 1023 2339 ad
1040 2269 1174 2340 ducem
1191 2265 1427 2338 Bernardum

322 2392 365 2442 se
393 2367 560 2464 cuntulit,
583 2391 694 2465 quern
715 2369 832 2440 irater
850 2367 931 2440 eius
951 2368 1037 2442 Otto
1057 2366 1288 2440 marcravius
1307 2364 1344 2437 in
1365 2389 1428 2438 ca-

322 2480 399 2542 stro
417 2469 632 2565 Havelberg
657 2468 863 2541 collocavit.
899 2469 1004 2542 Unde
1027 2469 1244 2566 frequenter
1263 2464 1430 2564 eruptio-

322 2593 392 2642 nes
427 2569 571 2644 faciens
603 2581 743 2642 terram
778 2569 997 2642 Sclavorum
1031 2570 1215 2642 instanter
1240 2571 1426 2642 vastabat.

323 2669 445 2758 Quem
480 2669 910 2744 adiuvabat-Germanus
947 2671 1122 2768 princeps
1156 2670 1427 2768 Rugianurunr,

321 2771 585 2868 Buggezlavus
609 2793 700 2843 veru
727 2771 1020 2843 Pomeranorum
1049 2771 1223 2870 princeps
1250 2768 1429 2844 firmabat

321 2882 469 2970 partem
494 2871 657 2944 Burvini.
690 2873 736 2945 Et
753 2870 803 2943 ita
822 2872 1089 2969 consanguinei
1109 2873 1159 2945 illi
1176 2871 1352 2945 intestina
1370 2870 1426 2942 in·

321 2982 381 3045 ter
399 2996 441 3046 se
460 2972 577 3071 prelia
597 2971 814 3046 miscebant.
850 2966 1071 3048 Prevalebat
1094 2983 1222 3048 tamen
1243 2996 1330 3071 pars
1352 2972 1426 3067 Ny-

323 3074 422 3170 cluti,
450 3098 494 3148 eo
516 3077 612 3172 quod
632 3074 850 3170 Germarus,
874 3075 930 3146 vir
947 3085 1162 3172 strennuuS,
1186 3085 1326 3147 terram
1348 3073 1426 3148 Cir-

322 3176 554 3274 cipanorum,
581 3199 653 3274 que
671 3174 874 3249 Tribuses³
900 3175 1076 3275 contigua
1103 3188 1194 3272 erat,
1221 3174 1423 3273 plurimum

320 3287 497 3349 vastaret.
534 3278 703 3374 Cumque
723 3280 884 3373 quodam
899 3288 1071 3377 ternpore
1086 3278 1284 3372 Burvinus⁷
1304 3275 1365 3374 qui
1386 3285 1424 3348 et
1528 3357 1529 3360 Ἴ

319 3377 530 3473 Heinricus‚
557 3387 697 3450 terram
717 3377 815 3450 illius
840 3379 970 3477 piratis
997 3391 1182 3475 vastaret,
1213 3377 1428 3476 captivatus

321 3489 379 3551 est
397 3503 418 3552 a
437 3478 632 3575 Germano,
656 3478 717 3577 qui
740 3479 899 3553 coniecit
917 3505 1004 3552 eunt
1023 3482 1060 3554 in
1079 3481 1240 3580 vincula,
1268 3481 1424 3554 mittens
1529 3569 1530 3576 ἵ

321 3603 408 3652 eurn
426 3579 572 3652 Kanuto
587 3579 668 3678 regi
687 3580 890 3676 Hunorum,
910 3584 1008 3680 apud
1029 3607 1141 3681 quern
1161 3583 1221 3656 diu
1241 3583 1278 3654 in
1300 3592 1422 3656 custo·
1528 3583 1530 3628 ³

306 3681 379 3768 ,dia
397 3685 628 3758 servabatur.
657 3681 884 3754 Econverso
903 3683 1084 3780 Niclotus,
1100 3686 1160 3784 qui
1181 3695 1219 3758 ct
1232 3685 1422 3778 Nicolaus⁷
1527 3687 1529 3778 j

320 3807 405 3856 curn
423 3782 573 3856 interra
589 3781 817 3878 Buggezlavi
832 3786 969 3881 predas
985 3796 1191 3880 exerceret,
1211 3785 1421 3885 captivatus

319 3895 378 3957 est
397 3887 443 3957 ab
462 3907 506 3957 eu
526 3893 563 3956 et
581 3882 774 3956 coniectus
789 3883 826 3956 in
841 3885 999 3960 vincula.
1037 3886 1102 3961 Set
1121 3911 1205 3961 curn
1225 3887 1285 3960 diu
1302 3886 1338 3960 in
1359 3909 1422 3959 cu·
1526 3885 1528 3944 i

320 3985 440 4058 studia
459 3993 713 4077 servarentun
730 3988 883 4058 tandem
904 3987 1013 4061 soluti
1034 3999 1121 4062 sunt
1135 4013 1179 4062 ea
1196 3988 1421 4084 conditione³
1526 4039 1528 4082 i

319 4096 396 4158 uta
419 4109 510 4183 rege
528 4085 720 4159 Danorum
745 4097 884 4161 terram
910 4113 1017 4162 suam
1046 4090 1283 4189 susciperent
1302 4100 1340 4162 et
1357 4093 1421 4162 ob·

321 4238 346 4311 1)
369 4237 400 4289 V.
420 4240 454 4292 ed
479 4237 616 4294 Heimuid.
642 4235 660 4297 1.
680 4241 702 4305 1,
728 4260 752 4296 c.
771 4239 816 4294 87.
840 4250 895 4296 not.
913 4241 940 4296 2.
1068 4245 1096 4316 2)
1116 4263 1130 4299 e
1149 4243 1300 4299 concubina
1320 4221 1419 4297 neuun¹

320 4311 347 4386 3)
367 4311 447 4367 hodie
465 4309 607 4370 Triebsees
626 4314 654 4368 in
671 4311 830 4370 Pomerenia
850 4315 921 4370 haud
940 4317 1035 4386 procul
1054 4335 1069 4370 a
1091 4317 1175 4373 limite
1190 4317 1414 4389 Mekleuburgicc
