3116 5014
302 434 352 504 70
401 427 610 502 Anuotul
641 425 880 504 CHRONICA
907 421 1173 498 SLAVORUM.
1216 419 1303 492 LlB.
1332 419 1397 492 lll.

302 630 534 706 Lubiccnses
554 653 682 702 coram
700 627 929 725 imperatore
949 623 1145 722 conquesti
1160 632 1248 696 sunt
1265 625 1311 696 de
1326 645 1423 695 mu·

303 731 443 805 tatione
464 731 549 826 illa,
575 731 671 828 quod
694 737 848 826 propter
866 725 1077 822 longiorem
1100 735 1137 798 et
1159 721 1419 798 difficiliorem

304 833 405 906 viam
421 831 625 904 maximam
640 830 823 902 haberent
840 827 877 900 in
891 829 1122 900 transeundo
1138 823 1418 898 difficultatem.

304 935 409 1009 Unde
424 931 594 1032 precepit
607 931 825 1029 imperator⁷
843 937 883 1001 ut
898 930 995 1025 apud
1012 928 1273 1024 Ertheneburg
1286 936 1419 998 trans-

304 1035 402 1110 irent
419 1031 592 1132 utprius.
635 1032 718 1105 Dux
742 1055 832 1128 ergo
854 1030 1067 1103 Bernardus
1082 1027 1244 1101 nominis
1266 1026 1322 1100 sui
1344 1050 1418 1098 ex-

306 1137 462 1208 tendere
480 1134 613 1206 volens
628 1131 850 1231 potentiam,
868 1129 974 1204 novis
989 1129 1210 1228 quibusdam
1229 1127 1415 1201 inductio-

305 1231 457 1330 nibus1,
490 1245 527 1308 et
557 1233 732 1308 inauditis
755 1244 793 1305 et
818 1231 1125 1327 intolerabilibus,
1157 1228 1412 1329 provinciales

305 1361 394 1410 suos
414 1359 574 1434 gravare
594 1335 706 1433 cepit,
726 1346 763 1409 et
778 1333 954 1407 derelicto
970 1332 1125 1406 consilio
1145 1355 1280 1405 senum
1296 1340 1334 1403 et
1347 1353 1412 1402 ac-

304 1437 505 1537 quiescens
526 1436 680 1510 consilio
694 1436 887 1532 iuvenum,
907 1434 1104 1508 minimum
1118 1433 1273 1531 digitum
1294 1456 1408 1504 suum

303 1537 537 1637 grossiorem
555 1541 665 1611 dorso
685 1537 801 1636 patris
826 1536 969 1633 faciens
979 1535 1007 1632 ²,
1035 1533 1255 1632 aggravavit
1275 1535 1409 1630 iugum

170 1663 174 1666 ·
306 1664 447 1712 eorum.
491 1641 596 1714 Unde
620 1638 851 1738 principatus
879 1636 959 1710 eius
987 1660 1122 1709 versus
1143 1635 1254 1709 eisin
1282 1634 1410 1707 odium

307 1751 344 1813 et
368 1738 488 1837 gloria
515 1739 552 1810 in
578 1740 769 1811 nichilum.
811 1739 941 1811 Frater
966 1761 1113 1836 quoque
1142 1737 1222 1812 eius
1248 1735 1408 1809 Silridus

304 1839 525 1915 Bremensis
570 1839 876 1938 archiepiscopus
917 1839 1116 1912 cometiam
1158 1835 1410 1910 Thietmarsie

304 1941 436 2015 Adolfo
456 1940 582 2014 comiti
599 1939 766 2014 adimere
786 1951 942 2013 conatus
971 1951 1030 2014 est
1049 1948 1087 2012 et
1104 1942 1149 2012 ad
1169 1939 1323 2011 fratrem
1343 1938 1416 2034 du·¹

307 2067 390 2116 cem
408 2041 626 2118 transferre.
653 2042 775 2130 Quam
788 2041 943 2115 Adolfus
959 2040 1097 2114 viribus
1113 2051 1150 2113 ct
1163 2039 1278 2112 armis
1293 2038 1410 2112 invito

306 2143 484 2242 episcopo
510 2143 668 2217 obtinuit
694 2144 731 2216 et
756 2167 841 2216 eam
860 2143 918 2216 sui
936 2142 1027 2215 iuris
1048 2164 1136 2215 esse
1155 2139 1364 2214 affirmavit.
1398 2229 1401 2236 Ι

216 2304 297 2360 1182.
383 2284 416 2356 2.
435 2281 589 2378 Lepacio
605 2283 837 2376 imperatoris
852 2279 904 2351 ad
912 2279 1235 2375 Kanutumrepem.
1264 2279 1410 2351 lntem-

197 2410 201 2454 t
231 2377 398 2506 l1¹3¹·pore
419 2382 480 2455 illo
504 2393 675 2456 mortuus
692 2391 751 2456 est
764 2407 830 2456 rex
844 2383 1036 2454 Danorum
1054 2377 1351 2475 Waldemarus³,
1372 2389 1411 2451 et

280 2493 287 2508 '
307 2485 480 2582 regnavit
497 2484 667 2556 Kanutus
694 2482 792 2556 filius
821 2483 900 2555 eius
919 2507 987 2582 pro
1008 2506 1064 2556 co.
1100 2483 1154 2555 Ad
1175 2505 1288 2578 quem
1307 2479 1415 2552 misit

307 2585 513 2682 imperator
538 2584 686 2680 legatos
706 2585 925 2679 honoratos,
954 2583 1140 2678 Sylridum
1159 2581 1333 2655 videlicet
1351 2604 1409 2652 ar·

309 2684 591 2782 chiepiscopum
618 2685 866 2758 Bremensem
895 2708 979 2756 cum
1006 2683 1087 2756 aliis
1115 2683 1313 2780 nobilibus,
1341 2705 1409 2781 pro

309 2809 438 2860 sorore
457 2785 590 2882 ipsius,
615 2809 726 2884 quam
746 2793 855 2884 pater
873 2783 954 2858 cius
974 2784 1049 2857 iam
1069 2784 1213 2881 pridem
1230 2783 1306 2856 filio
1328 2785 1407 2857 eius

309 2890 625 2984 desponsaverat,
660 2896 697 2960 et
723 2897 763 2958 ut
794 2897 941 2984 partem
972 2885 1131 2984 pecunie
1162 2885 1408 2983 persolveret,
1533 2941 1534 2974 p

309 2987 406 3061 sicut
424 2987 712 3060 determinatum
729 2988 859 3060 fuerat.
892 2988 971 3060 llec
990 2987 1091 3062 enim
1108 2986 1230 3084 pactio
1250 2989 1408 3084 despun·
1533 2995 1534 3020 ³

310 3087 465 3162 sationis
485 3089 607 3161 luerat
624 3089 721 3162 inter
738 3089 1005 3188 imperatorem
1026 3099 1063 3160 et
1081 3111 1212 3186 regem
1226 3088 1353 3184 nacte,
1371 3097 1409 3160 ut

310 3201 469 3288 quatuor
481 3189 581 3261 milia
598 3213 810 3263 marcarum
823 3214 907 3262 cum
923 3187 997 3262 filia
1017 3191 1264 3288 persolveret
1277 3189 1408 3262 librata

309 3291 649 3389 pondercpublico
678 3293 774 3390 quod
793 3291 952 3364 Karolus
972 3292 1132 3387 Magnus
1160 3287 1407 3388 instituerat⁴‚
1533 3311 1534 3352 ὲ

312 3402 349 3464 et
375 3401 414 3463 ut
432 3391 468 3462 in
488 3391 570 3490 ipso
590 3403 774 3490 tempore‚
794 3416 865 3490 quo
885 3392 999 3465 filiam
1015 3400 1308 3490 representaret⁷
1327 3415 1435 3488 par--

307 3502 388 3564 tem
407 3492 580 3589 pecunie,
598 3505 708 3591 prout
724 3493 792 3566 sibi
805 3493 929 3565 visum
945 3493 1091 3590 fuisset,
1106 3492 1354 3590 persolveret,
1373 3502 1409 3563 et

311 3604 398 3692 post
417 3617 484 3666 sex
503 3619 622 3668 annos
643 3593 959 3692 desponsationis7
987 3596 1074 3666 dum
1094 3593 1228 3666 nubilis
1249 3603 1330 3666 etas
1350 3595 1409 3665 ad·
1533 3661 1534 3678 ,

310 3694 481 3768 venisset
505 3739 549 3749 -
570 3695 769 3793 quia‘tunc
794 3695 920 3793 puella
949 3695 1143 3792 septennis
1173 3706 1316 3766 erat-
1343 3709 1409 3767 sex
1531 3723 1534 3736 ·

310 3797 605 3870 hebdomadibus
625 3795 728 3895 prius
743 3795 902 3894 pecunia
922 3806 1000 3868 tota
1020 3820 1065 3867 ex
1083 3795 1230 3894 integro
1247 3796 1408 3868 solvere-

305 3908 380 3970 tur.
396 3973 398 3977 ,
412 3895 491 3970 lleo
506 3897 699 3996 utrobique
715 3897 918 3996 privilegiis
933 3897 1079 3970 firmata
1094 3895 1212 3994 erant,
1228 3907 1267 3969 ut
1282 3896 1313 3970 si
1325 3896 1407 3995 quid

313 4068 339 4138 1)Ι
357 4070 501 4123 vernaculo
521 4086 645 4124 sermone
665 4067 898 4141 „Einltihrungeu²
918 4069 1081 4141 Aullagen“.
1119 4057 1190 4123 lnlre
1211 4087 1269 4142 cap.
1285 4069 1312 4124 4.
1331 4075 1413 4126 noti-.
1533 4123 1534 4140 ἶ

301 4147 389 4196 'tates¹
463 4143 490 4213 2)
512 4143 537 4198 1.
556 4143 623 4214 Reg.
644 4142 686 4208 ta,
706 4142 731 4199 8.
754 4142 796 4195 1o.
870 4143 896 4214 3)
919 4142 997 4207 1182,
1017 4143 1082 4198 Mai.
1105 4143 1147 4198 12.
1223 4143 1248 4213 4)
1268 4143 1407 4200 Memora·
1533 4161 1534 4166 ¹

313 4215 373 4268 bilis
399 4215 474 4268 loeus
499 4217 532 4269 de
551 4217 644 4272 lsurles
670 4217 713 4288 tot,
740 4218 774 4270 de
799 4234 852 4288 quo
877 4235 901 4268 v.
921 4213 1045 4272 Beneclre
1072 4219 1106 4270 ad
1126 4215 1256 4286 Wigalois
1283 4237 1307 4284 v.
1327 4217 1405 4270 9554.
1533 4251 1534 4254 =

312 4285 355 4342 Cf.
376 4286 543 4342 Glossarium
563 4293 595 4342 ad
616 4289 723 4344 Tristan
742 4293 783 4344 ed.
805 4289 909 4360 Hagen.
1305 4331 1306 4334 η
1412 4326 1416 4332 -

1533 4311 1534 4394 t

1531 4693 1534 4772 ⁸

1514 4841 1534 4947 l
