3116 5014
311 464 364 534 *10
471 458 683 533 ARNOLDI
711 459 956 550 CHRONICA
977 459 1250 572 SLAVORUM.

304 663 426 757 pmii,
448 667 579 754 potens
606 663 643 733 in
670 660 806 756 uerbis,
833 663 955 733 notior
985 663 1022 734 in
1043 660 1330 756 positionibus1,
1353 664 1411 749 la·

314 760 434 834 cundo
452 785 629 857 sermone,
649 761 770 834 divitis
787 759 906 856 oene2,
930 764 1058 833 seriem
1082 765 1202 854 operis
1215 785 1410 855 percucur-

304 864 371 957 rit,
396 885 463 934 uos
491 869 612 934 autem
636 860 681 934 de
702 864 832 956 pinqui
853 861 1037 934 Minercu³
1062 861 1295 958 distillantes,
1314 862 1413 936 velut

312 961 553 1055 impeditioris
579 962 699 1056 linque
732 969 767 1034 et
798 961 975 1061 tardioris
999 961 1147 1058 calami,
1179 969 1281 1056 cepto
1309 966 1411 1056 operi

303 1061 490 1156 reptando
519 1066 718 1136 insistentes
743 1061 926 1134 humiliter
945 1061 1205 1158 procedamus,
1231 1065 1319 1158 quia
1345 1085 1409 1135 neo

198 1190 201 1196 ·
310 1187 398 1235 uoce
416 1187 480 1236 nee
499 1163 655 1236 calamis
671 1165 887 1258 maqistrum
903 1161 1195 1258 equiparamus4.
1221 1163 1409 1236 Veritatem

302 1263 459 1336 bistorie
487 1267 600 1361 iqitur
625 1270 820 1362 sequentes,
845 1260 1107 1359 adulationem,
1135 1287 1203 1360 que
1228 1263 1409 1361 plerisque

311 1367 531 1460 scriptorum
556 1389 675 1438 comes
694 1371 757 1460 est,
786 1367 931 1436 omnino
960 1363 1217 1460 dampnamus,
1244 1370 1285 1436 ut
1305 1367 1408 1437 timo-

302 1488 386 1537 rem
411 1471 447 1538 et
459 1467 623 1561 qratiam
641 1465 816 1553 fallacem
836 1463 1063 1538 excludentes
1085 1461 1194 1537 libere
1219 1487 1286 1561 que
1303 1465 1408 1538 nobis

303 1573 496 1659 compertu
513 1573 599 1638 sunt
613 1587 890 1662 prosequamur.
1318 1573 1319 1577 ’

413 1667 491 1755 (luo
519 1669 630 1761 iqitur
648 1669 877 1760 principante
892 1665 947 1738 ael
969 1664 1171 1760 presidente
1195 1665 1326 1761 borum
1346 1666 1407 1738 bo·
1452 1739 1456 1743 .

309 1765 464 1837 realium
477 1769 666 1862 reqionum
679 1768 752 1838 siue
766 1765 1001 1838 eeclesiarum
1015 1773 1135 1839 status
1148 1766 1352 1862 invaluerit,
1367 1773 1410 1839 ut

301 1867 347 1938 qn
364 1865 458 1938 libro
476 1869 669 1938 memorati
686 1865 889 1939 sacerdotis
906 1865 1093 1939 Helmoldi
1117 1874 1323 1939 contentum
1342 1873 1405 1962 est,

300 1965 563 2064 subsequenter
581 1966 829 2040 adnectamus.
872 1968 920 2039 Et
936 1970 1023 2063 quia
1042 1967 1223 2064 usquead
1241 1974 1405 2061 tempora

307 2067 471 2140 Heinrici
493 2067 598 2140 ducis
625 2067 798 2141 Saconie·
814 2074 921 2164 atque
947 2068 1107 2140 Bavarie
1136 2067 1269 2140 series⁵
1299 2068 1404 2141 deeu-

300 2170 433 2264 evenerit,
460 2171 579 2262 ipsum
605 2171 642 2241 in
668 2171 790 2256 fronte
810 2192 995 2262 ponamus
1002 2197 1016 2262 ,·
1047 2171 1109 2265 qui
1133 2193 1242 2262 super
1269 2193 1404 2264 omnes,

300 2271 370 2365 qui
383 2275 466 2341 ante
480 2271 598 2362 ipsum
609 2272 770 2365 fuerunt,
784 2268 960 2342 duritiam
968 2267 1402 2364 Sclavicamperdomuit,

307 2375 426 2441 elnon
440 2369 559 2442 solum
574 2369 625 2442 ad
640 2370 777 2442 tributu
791 2368 966 2442 solvenda
978 2372 1103 2465 eoepit,
1112 2368 1177 2442 sed
1191 2373 1299 2442 etiam
1315 2393 1403 2464 erqa

298 2472 381 2541 ‘veri
401 2470 468 2541 Dei
499 2470 646 2562 cultum,
681 2469 814 2542 relictis
836 2471 1153 2564 superstitionibus
1180 2469 1401 2566 idololatria,

222 2651 232 2658 ,
298 2569 505 2642 xhumiliatis
520 2570 716 2642 cervicibus
727 2573 1022 2666 promptissimos
1033 2575 1129 2658 fecit.
1148 2571 1281 2644 Pacem
1295 2569 1403 2643 etiam

303 2672 505 2741 maalmam
532 2673 686 2761 inomni
712 2679 812 2744 terra
831 2671 1049 2744 Scluvorum
1075 2674 1244 2764 firmavit,
1270 2679 1306 2742 et
1328 2696 1401 2742 om·

301 2793 368 2841 nes
390 2773 577 2863 provincie
593 2771 844 2868 ,aquilonares
875 2771 1117 2866 Waqirorum,
1144 2769 1400 2866 Holzatorum,

263 2920 265 2924 v
303 2870 546 2968 Polaborum,
575 2873 820 2946 Obotrilorum
851 2875 930 2945 ocio
956 2879 992 2944 et
1014 2875 1123 2969 quieti
1147 2870 1341 2966 vacabant,
1370 2879 1405 2944 et
1512 2873 1550 2903 ⁶

293 2971 488 3065 prohibita
505 2980 592 3046 sunt
606 2976 710 3060 furta
734 2982 775 3061 et
798 2972 1016 3046 latrocinia6
1042 2979 1140 3043 terra
1164 2973 1339 3067 morique,
1367 2977 1403 3044 et

300 3071 523 3158 fruebantur
537 3077 671 3146 mutuis
689 3073 1023 3148 mercationibuset
1033 3071 1353 3166 neqotiatiom‘bus,
1369 3079 1403 3145 et

295 3171 498 3246 dubitabat
509 3178 754 3272 unusquisque
772 3172 838 3246 sub
857 3176 926 3246 vite
946 3180 978 3246 et
990 3177 1061 3262 ficu
1080 3173 1182 3269 sual,
1194 3171 1401 3266 presidente

298 3275 341 3345 in
358 3274 567 3370 Raeesburq
585 3275 882 3348 reverendissimo
898 3280 1005 3368 patre
1022 3273 1239 3369 Eoermodo,
1266 3275 1304 3346 in
1329 3273 1399 3345 Lu·

198 3423 201 3429 ‡
305 3373 387 3445 belse
413 3399 497 3447 aero
527 3375 699 3448 Conrado
726 3378 906 3470 episcopo,
931 3376 1010 3446 ciro
1036 3373 1180 3470 illustri,
1207 3377 1244 3446 in
1269 3374 1399 3446 Zverin

301 3498 444 3571 quoque
461 3475 639 3572 Bernone,
663 3479 741 3548 viro
769 3474 953 3570 reliqioso,
979 3477 1040 3570 qui
1067 3475 1237 3547 ecelesias
1261 3473 1398 3546 novelle

292 3574 554 3672 ‘'plantationis,
573 3599 667 3673 quas
684 3577 878 3648 Heinricus
897 3573 973 3646 duc
989 3583 1214 3648 memoratus
1232 3577 1397 3670 instituit,
1428 3584 1431 3589 ’

297 3670 458 3748 Domino
473 3681 727 3750 incrementum
742 3673 863 3770 dante,
877 3674 1046 3748 doctrina
1057 3675 1231 3768 plantare
1245 3683 1280 3748 et
1291 3699 1398 3770 opere

301 3779 458 3872 irriqare
475 3779 733 3850 instantissime
749 3776 975 3872 sataqebant.

673 3893 812 3966 LIBER
840 3893 1026 3972 PRIMUS.

407 4003 436 4068 1.
463 3995 516 4066 De
529 3997 822 4088 pereqrinatione
839 3996 1002 4068 Heinrici
1020 3994 1132 4068 ducis.
1166 3993 1395 4070 Confirmata

299 4111 325 4178 l)
339 4131 383 4174 sse.
404 4103 556 4170 verborum,
577 4113 813 4182 propositionibus.
937 4113 964 4186 2)
985 4111 1028 4169 Cf.
1048 4093 1156 4166 Hostilii
1176 4111 1250 4167 Artis
1270 4109 1395 4164 Poeticae

300 4203 323 4236 v.
343 4184 407 4236 409.
494 4183 520 4251 3)
540 4183 635 4239 Cicero
656 4188 690 4240 do
709 4185 836 4242 Amicitia
857 4203 880 4240 o.
894 4187 920 4242 5.
1005 4187 1031 4258 4)
1052 4185 1095 4241 Cl.
1118 4185 1228 4254 Vergilii
1248 4182 1343 4253 Eolog.
1363 4181 1393 4237 V.

299 4275 323 4311 v.
341 4255 390 4308 48:
411 4256 465 4310 Neo
485 4259 593 4312 colomis
612 4262 695 4315 solum
715 4265 881 4330 aequiparas,
895 4264 945 4324 sed
962 4276 1027 4316 voce
1039 4264 1199 4329 mcqislrum.
1263 4255 1289 4328 5)
1309 4255 1394 4311 series

291 4347 335 4381 so.
357 4327 485 4382 librorum
500 4327 649 4386 Heloioldi.
707 4332 732 4405 6)
753 4331 795 4388 Cf.
811 4332 902 4387 Helm.
923 4334 940 4386 Ι.
957 4331 979 4388 Ι.
1000 4351 1023 4388 e.
1039 4332 1083 4385 47.
1140 4328 1392 4402 7)1.Reg.4,25.

1544 1929 1550 1992 i
