3116 5014
331 466 381 562 54
431 461 641 538 annuunt
667 461 908 538 CHRONlCA
934 458 1202 536 SLAVORUM.
1246 457 1332 530 LlB.
1359 457 1403 530 ll.

323 659 478 740 'cadant
507 663 604 753 Ouid
619 664 735 761 ergo?
754 663 1067 758 reprehendimus
1087 661 1182 736 eost
1210 657 1326 734 Absit.
1353 658 1430 732 Sed

331 766 493 866 geminis
508 789 575 840 eos
589 763 723 862 gladiis
738 762 927 836 accinctos
941 763 1127 861 videmus,
1147 785 1219 834 uno
1234 757 1433 860 spirituali,

331 869 449 942 altero
467 863 663 940 materiali.
698 865 773 939 Sed
792 864 974 963 spirituali
993 865 1075 963 plus
1096 865 1275 938 utendum
1294 863 1433 958 fuerat,

332 967 518 1042 materiali
544 990 633 1039 vero
658 965 801 1059 minus,
826 976 957 1038 contra
988 989 1056 1038 eos
1080 975 1250 1060 tanturn⁷
1278 962 1341 1061 qui
1368 986 1434 1035 ex·

333 1067 683 1144 communicationis
703 1066 931 1140 sententiam
945 1065 1069 1140 minus
1084 1065 1298 1141 formidant.
1323 1063 1434 1136 Nunc

333 1180 461 1244 autam
492 1171 538 1242 ad
565 1170 836 1241 ostendendam
865 1169 1053 1241 mundane
1080 1166 1199 1265 glorie
1224 1164 1434 1264 potentiam

333 1271 418 1369 plus
438 1279 590 1343 utuntur
607 1267 791 1343 materiali
811 1292 924 1367 quam
943 1267 1139 1367 spirituali,
1167 1277 1205 1341 et
1222 1268 1259 1340 in
1278 1268 1351 1339 hoc
1371 1287 1435 1338 ar-

333 1372 513 1448 bitrantes
534 1394 576 1444 se
987 1409 991 1420 ·

611 1471 831 1569 obsequium
851 1481 1022 1568 prestare
1043 1472 1134 1567 Deo,

334 1589 438 1671 sepe‘
454 1569 577 1645 minus
602 1569 812 1670 proficiunt.
855 1572 999 1645 Fortior
1025 1570 1127 1644 enim
1152 1579 1211 1644 est
1228 1568 1437 1668 spiritualis

335 1673 542 1763 materiali,
570 1672 657 1770 quia
683 1672 790 1744 vivus
812 1695 938 1746 sermo
965 1673 1034 1746 Dei
1062 1682 1140 1766 est,
1168 1682 1205 1744 et
1224 1667 1371 1766 efficax,
1395 1680 1439 1743 et

333 1773 600 1874 penetrabilior
619 1773 720 1846 omni
735 1771 859 1870 gladio
875 1773 1026 1871 ancipiti
1036 1771 1060 1845 ¹.
1097 1774 1194 1846 Ecce
1214 1771 1314 1845 enim
1331 1769 1438 1844 Leo²

333 1876 396 1949 ille
421 1873 659 1968 sevissimus,
682 1876 727 1946 ad
754 1873 859 1946 cuius
885 1877 1048 1972 rugitum
1072 1872 1296 1947 contremuit
1319 1882 1437 1968 terra⁷

319 1995 321 1998 ·
335 1975 561 2050 constrictus
576 1975 700 2072 gladio
716 1973 898 2072 spirituali
908 1979 953 2049 ad
970 1986 1110 2048 terram
1128 1974 1345 2047 humiliatus
1361 1983 1436 2069 est,

335 2075 520 2150 materiali
536 2099 626 2150 vero
642 2077 853 2174 exagitatus
872 2078 918 2148 ad
934 2076 1029 2150 iram
1048 2075 1275 2174 stimulatus,
1296 2085 1334 2148 et
1346 2073 1436 2149 inde

335 2177 457 2251 maius
476 2177 834 2252 crevitscandalum.
861 2178 966 2251 Unde
982 2177 1066 2276 plus
1084 2176 1326 2250 materialiter
1345 2175 1433 2248 etin

334 2280 408 2352 hoc
436 2278 642 2352 certamine
669 2278 766 2352 etin
796 2279 980 2376 superiori
1008 2289 1066 2352 est
1090 2275 1315 2359 conflictum.
1358 2277 1435 2350 Sed

326 2381 408 2456 ,ista
434 2379 691 2478 relinquentes
718 2381 763 2452 ad
790 2379 1023 2478 propositum
1051 2381 1272 2474 redeamus⁷
1306 2401 1354 2450 ne
1381 2387 1437 2451 te·

336 2505 441 2554 mere
477 2483 697 2555 sacerdotes
729 2480 878 2554 Domini
914 2481 1194 2578 reprehendere
1229 2479 1437 2553 videamur.

335 2582 412 2680 lpsi
438 2581 539 2654 enim
558 2581 595 2652 in
622 2581 776 2679 specula
794 2581 943 2653 Domini
962 2581 1165 2680 pervigiles
1186 2591 1287 2654 stare
1307 2579 1435 2653 viden·

335 2693 409 2779 tur,
427 2692 607 2779 tanquam
625 2681 811 2754 rationem
831 2681 1008 2769 reddituri
1028 2687 1073 2754 de
1095 2683 1292 2756 animabus
1311 2681 1436 2756 subdi-

337 2793 471 2856 torum.

416 2884 472 2956 15.
508 2880 561 2954 De
582 2881 810 2956 relaxatione
829 2880 987 2955 Odelrici
1011 2907 1035 2955 a
1053 2887 1273 2978 captivitate.
1318 2881 1435 2980 lgitur

338 2983 564 3081 depopulata
577 2983 638 3056 vel
656 2983 778 3081 potius
794 2994 924 3056 exusta
941 2985 1103 3081 civitate³
1119 2983 1293 3081 sacrilegi
1307 2984 1358 3056 illi
1372 2984 1436 3058 tri-

337 3083 535 3184 pudiantes
560 3085 704 3157 reversi
732 3096 819 3158 sunt
844 3084 1098 3160 Bruneswich.
1131 3087 1214 3160 Dux
1232 3109 1322 3157 vero
1349 3109 1437 3158 cum

338 3185 507 3259 audisset
534 3184 691 3258 civitatis
711 3185 1017 3284 depredationem
1038 3198 1075 3260 et
1092 3188 1248 3261 vidisset
1272 3185 1437 3285 captivo·

338 3311 422 3358 rum
434 3285 722 3383 multitudinem,
736 3287 873 3360 letatus
890 3298 957 3361 est.
981 3287 1056 3362 Sed
1072 3289 1222 3387 cognita
1237 3287 1437 3362 exustione

337 3397 525 3460 tantarum
554 3387 801 3462 ecclesiarum
830 3412 915 3462 cum
942 3389 1175 3463 multitudine
1200 3387 1438 3485 clericorum,
1524 3431 1527 3438 =

337 3488 472 3562 videns
499 3487 612 3560 etiam
642 3491 821 3562 domnum
854 3490 1074 3588 episcopum
1103 3515 1247 3590 cygneo
1276 3487 1438 3589 capite³‚
1500 3500 1502 3502 ’

338 3591 572 3686 grandevum
606 3600 644 3662 et
667 3591 742 3664 iam
770 3591 877 3688 quasi
902 3591 1033 3672 ultima
1057 3601 1156 3665 etate
1182 3591 1439 3688 fatiscentem,

340 3689 529 3789 captivum
544 3692 757 3788 adductumq
778 3701 953 3789 preterea
971 3691 1148 3791 reliquias
1168 3693 1267 3768 beati
1284 3691 1438 3792 protho-

338 3791 502 3865 martiris
535 3791 717 3889 Stephani
755 3791 958 3866 semiustas
995 3803 1033 3867 et
1065 3795 1240 3892 squalore
1275 3791 1439 3867 incendii

337 3893 504 3966 fuscatas
550 3892 657 3991 quasi
699 3895 744 3965 ad
793 3893 971 3994 triumphi
1013 3897 1189 3969 decorem
1233 3920 1307 3969 una
1350 3917 1436 3968 curn

292 4026 307 4051 -’
341 3994 518 4094 episcopo
544 3996 741 4092 adductas,
774 3994 917 4072 deiecta
945 3995 1041 4070 facie
1068 3997 1226 4070 ubertim
1257 3994 1435 4070 lacrimas
1480 4078 1482 4082 ,

339 4096 515 4193 profudit,
541 4105 669 4194 preter
687 4095 919 4172 voluntatem
949 4123 1059 4172 suam
1086 4099 1159 4172 hec
1184 4099 1283 4172 facta
1309 4106 1437 4170 conte·

342 4247 367 4320 1)
388 4247 520 4313 flebat,
542 4249 585 4302 12.
668 4251 695 4321 2)
715 4255 777 4305 dur.
850 4249 1341 4324 3)cont.0vir.T1tst.1v,8‚1:
1379 4252 1437 4306 lum

340 4337 398 4378 meu
417 4338 530 4394 cyaneus
548 4327 682 4379 imitantur
700 4330 817 4394 tempora
833 4329 945 4395 plutum.
