3116 5014
323 458 371 532 32
424 454 632 530 annotat
654 455 892 530 CHRONICA
919 455 1185 530 SLAVORUM.
1230 455 1314 528 LIB.
1341 453 1387 536 l..

232 663 358 730 straet
385 655 610 730 dilectionem
638 659 675 730 in
707 657 858 730 Christo.
908 657 1075 756 Cumque
1108 660 1153 730 ad
1181 655 1415 732 salutationis

322 762 436 832 verba
455 759 589 832 fratres
609 758 800 832 humiliter
821 759 1054 855 inclinarent,
1074 759 1308 832 adiecerunt:
1344 756 1418 830 Νο-

321 862 413 933 verit
437 858 579 934 dilectio
597 865 728 955 aesna,
755 862 843 956 quia
866 866 983 932 mater
1005 867 1145 956 nostra,
1173 865 1303 933 sancta
1321 856 1417 932 aide·

322 961 405 1035 licet
420 960 572 1033 ecclesia
589 961 789 1057 Labicana,
807 967 916 1056 patre
933 984 1000 1033 suo
1019 961 1172 1034 uiduata
1190 968 1254 1057 est,
1280 967 1315 1032 et
1329 963 1418 1056 quia

323 1063 388 1136 diu
406 1065 484 1134 sine
495 1067 647 1155 pastore
661 1086 736 1134 esse
748 1086 822 1134 non
839 1085 1048 1158 possumus,
1067 1061 1149 1134 ideo
1168 1064 1266 1134 omni
1283 1059 1417 1133 sollici·

218 1222 220 1226 Α
323 1163 446 1236 tudine
463 1163 569 1236 nobis
587 1162 849 1258 incipilundum
867 1170 930 1260 est,
948 1169 991 1234 ut
1005 1166 1042 1236 in
1056 1162 1166 1236 domo
1180 1161 1247 1235 Dei
1255 1161 1416 1256 pruden-

323 1272 394 1336 tem
412 1270 447 1336 et
461 1263 601 1354 fidelem
616 1263 900 1357 dispensatorem
915 1264 1125 1354 habeamus.
1162 1263 1262 1336 Unde
1274 1265 1417 1358 pratias

323 1369 518 1438 immensas
530 1364 607 1438 Deo
621 1369 824 1461 referimus⁷
842 1365 942 1462 quod
955 1388 1046 1462 eum,
1061 1369 1097 1438 in
1111 1388 1182 1462 quo
1196 1364 1301 1436 nobis
1320 1389 1416 1436 com·

317 1467 471 1564 placuit,
489 1469 699 1562 invenimus,
715 1466 888 1540 domnum
901 1467 1112 1539 Heinricum
1125 1465 1291 1538 uidelicet
1303 1463 1431 1537 abba-‘
1538 1541 1539 1552 ¹

323 1577 392 1641 tem
406 1575 574 1664 uestrum,
591 1571 708 1641 uirum
718 1567 933 1662 prudentem
946 1574 982 1640 et
991 1567 1212 1663 relipiosum
1226 1590 1330 1663 quem
1342 1590 1417 1639 non

321 1669 440 1742 solum
463 1669 630 1742 electione
653 1672 832 1742 canoniea
858 1670 963 1746 nobis
976 1667 1235 1762 preferendum
1261 1667 1416 1740 decreui-

252 1853 256 1858 ,
322 1793 414 1866 mus,
441 1769 505 1842 sed
523 1773 631 1842 etianr
645 1773 820 1864 principis
837 1773 953 1843 nostri
971 1768 1096 1842 domni
1114 1768 1229 1866 ducis⁷
1257 1771 1318 1866 qui
1336 1792 1416 1840 euru

321 1870 425 1944 nobis
453 1873 490 1942 in
517 1869 702 1943 dominum
728 1878 761 1942 et
782 1878 927 1964 patrem
950 1869 1175 1964 spiritualem
1203 1869 1415 1966 denarravit,

323 1975 542 2044 auctoritate
568 1994 808 2066 usurpamus„
844 1973 1073 2066 Quapropter
1097 1994 1284 2067 ropamus,
1312 1977 1354 2043 ut
1378 1974 1417 2043 in

320 2073 389 2146 boc
402 2097 514 2144 unum
527 2073 714 2145 nobiscum
729 2076 891 2146 sentiatis
905 2080 937 2146 et
951 2072 1175 2145 ordinationi
1188 2071 1255 2144 Dei
1268 2095 1415 2145 consen·

320 2177 444 2248 tientes
458 2173 567 2246 simul
585 2198 664 2246 eum
678 2175 866 2248 nobiscum
880 2173 931 2247 ad
946 2177 1084 2268 apicem
1097 2176 1217 2248 sancti
1230 2175 1417 2248 ministerii

321 2275 546 2348 devotissime
558 2279 816 2369 promoveatis.

304 2400 319 2450 ·.
395 2377 584 2450 Fratribus
613 2387 738 2450 autern
769 2379 814 2450 de
842 2385 918 2448 tarn
940 2376 1100 2449 honesta
1119 2375 1234 2474 patris
1256 2375 1312 2448 sui
1331 2398 1414 2473 pro-

322 2479 486 2550 motione
515 2478 855 2574 congaudentibus⁷
885 2478 952 2550 sed
978 2480 1023 2551 de
1051 2476 1309 2550 absentatione
1336 2486 1415 2548 tarn

321 2579 371 2675 pii
386 2579 548 2674 pastoris
564 2579 860 2672 condolentibus,
871 2577 920 2650 ita
932 2579 1296 2676 responditelectus:
1318 2577 1415 2672 Opus

319 2679 465 2775 quidem
484 2677 633 2768 difficile
651 2685 686 2750 et
702 2682 808 2750 nimis
827 2678 986 2752 arduum
1004 2687 1067 2774 est,
1096 2678 1148 2750 ad
1165 2678 1265 2775 quod
1282 2703 1337 2751 me
1354 2703 1415 2750 uo·

322 2783 440 2876 catis.
451 2783 589 2867 fratres
616 2785 651 2851 et
667 2779 804 2852 domini
822 2783 901 2876 mei,
930 2787 966 2854 et
981 2781 1081 2854 ultra
1103 2783 1197 2852 uires
1220 2802 1321 2850 meas
1340 2803 1416 2852 esse

320 2904 552 2976 recopnosco.
600 2879 674 2952 Sed
697 2883 784 2976 quia
807 2884 1001 2954 certissime
1026 2905 1129 2954 neruo
1156 2879 1207 2951 ad
1229 2879 1299 2952 hoc
1323 2883 1418 2953 uenit

318 2981 495 3076 pdoneus,
514 2983 584 3052 nisi
601 2984 663 3076 qui
680 2989 834 3055 uocatur
856 3007 880 3054 a
893 2983 969 3056 Deo
988 2990 1165 3080 tauquam
1178 2980 1314 3077 Aaron,
1332 2980 1414 3054 ideo

323 3082 447 3155 divina
472 3081 739 3174 dispensatione
772 3083 823 3154 ad
846 3083 915 3156 boc
941 3086 1180 3158 ministerium
1206 3107 1261 3155 me
1290 3085 1416 3155 uocari

319 3208 395 3256 non
413 3180 572 3278 ambipo,
591 3185 677 3280 quia
703 3187 819 3257 omnis
832 3193 1000 3280 potestas
1018 3210 1042 3258 a
1059 3185 1135 3256 Deo
1155 3191 1216 3257 est.
1258 3185 1331 3274 (lue
1350 3207 1415 3256 au-

323 3293 389 3357 tem
410 3307 433 3355 a
450 3283 527 3356 Deo
546 3289 640 3379 sunt,
669 3284 844 3360 ordinata
870 3294 963 3361 sunt.
1000 3287 1048 3360 Et
1064 3289 1151 3383 quia
1168 3289 1231 3382 qui
1241 3281 1417 3380 potestati

319 3387 480 3480 resistit,¹
495 3382 721 3458 ordinationi
745 3386 813 3460 Dei
837 3386 1005 3484 resistit¹,
1040 3387 1121 3462 ideo
1154 3411 1233 3460 ecce
1259 3385 1311 3458 ad
1334 3385 1415 3459 obe·
1460 3406 1462 3410 ·

314 3484 493 3558 diendum
512 3487 627 3581 aenio,
651 3493 859 3568 necessitate
877 3497 998 3563 tamen
1015 3492 1134 3584 mapis
1161 3511 1272 3584 quam
1289 3485 1414 3558 uolun-

321 3593 407 3660 tat.
451 3587 496 3658 Et
514 3586 563 3659 ita
584 3589 772 3684 profectus
798 3616 882 3666 curn
912 3591 967 3664 eis
994 3593 1039 3663 de
1067 3587 1296 3661 monasterio
1317 3587 1415 3660 beati

203 3759 204 3772 ,
322 3686 454 3784 Egisti,
483 3687 540 3758 cui
560 3691 690 3764 decern
710 3693 817 3766 annis
838 3689 1012 3792 prefuit²7
1040 3693 1136 3788 qaod
1156 3689 1270 3762 etiarn
1288 3681 1414 3762 multis

322 3792 433 3860 rebus
455 3789 699 3886 ampliaverat
725 3805 762 3866 et
788 3793 824 3866 in
844 3795 926 3892 ipso
945 3803 1116 3890 ternpore
1136 3793 1181 3864 de
1200 3790 1416 3890 peregrina-

303 3890 423 3979 tione
450 3889 599 3966 rediens
626 3895 821 3968 duodecim
850 3893 971 3994 palliis
998 3902 1211 3990 ornaverat,
1243 3893 1345 3966 venit
1363 3894 1415 3966 ‚ad

323 3992 457 4062 ducem
483 3990 696 4094 Laneburg‚
725 4007 762 4069 et
790 3995 979 4095 accipiens
1008 3997 1053 4068 ab
1080 4018 1124 4068 eo
1141 3994 1436 4096 ‚investituram
1500 4017 1501 4020 ¹

324 4171 349 4238 1)
369 4178 452 4230 omnis
473 4206 505 4216 -
525 4181 625 4235 resistit
642 4197 674 4234 ex
693 4180 806 4236 Roman.
828 4181 870 4246 13,
893 4180 917 4238 1.
935 4179 962 4236 2.
1072 4177 1098 4249 2)
1120 4177 1264 4234 Heinricus
1284 4177 1366 4230 abbae
1387 4173 1415 4229 S.

319 4243 418 4375 ξςίιὲίίι
437 4248 627 4380 ἰεω2ἓὲ1156
648 4255 765 4309 occurrit
791 4255 865 4308 testis
884 4254 992 4308 chartae
1012 4253 1087 4307 ducis
1108 4253 1178 4322 apud
1197 4249 1288 4316 Falke,
1311 4247 1414 4304 Tradit.

345 4338 375 4376 or
395 4341 428 4380 er.
449 4343 473 4396 p.
550 4367 556 4382 .
