3116 5014
186 449 395 526 suuntur
420 415 660 526 eunomus
685 449 952 526 sunvoxun.
984 410 1082 524 'un
1101 451 1142 524 u.
1189 453 1261 542 eo

147 675 240 724 num
259 650 450 751 principes
469 674 555 726 oum
574 645 761 751 episcopis
780 655 877 751 apud
897 651 1108 726 Goslariam
1136 653 1264 726 collo··

149 751 279 851 quium
308 753 500 826 celebrare
531 763 751 827 statuerunt.
812 755 857 826 Et
888 752 938 826 ihi
969 753 1251 853 conspiratione
1315 768 1319 774 '

147 855 249 929 facta
269 863 398 926 contra
421 853 637 927 Heinricum
666 877 852 950 cesarem,
878 853 992 930 aliurn
1012 865 1141 928 contra
1161 879 1261 928 eum-

147 978 283 1052 regem
309 953 492 1028 suscitare
511 955 635 1028 conati
658 965 755 1030 sunt.
799 955 872 1030 Sed
892 979 978 1028 cum
997 952 1043 1029 de
1063 957 1247 1029 electione

147 1055 254 1153 regis
274 1055 413 1129 scisma
433 1066 536 1130 esset
552 1055 652 1129 inter
670 1080 749 1152 eos,
770 1067 807 1128 et
826 1055 947 1154 quivis
967 1081 1034 1154 pro
1053 1056 1156 1130 lihitu
1176 1081 1245 1130 suo

145 1157 252 1231 illam
270 1156 446 1231 velillum
466 1179 670 1256 personam
684 1157 915 1255 designaret,
933 1157 1160 1256 queidonea·
1173 1182 1261 1230 non-

149 1267 269 1354 esset,
297 1257 458 1331 surrexit
476 1258 626 1356 quidam
646 1258 841 1351 intereos,
868 1261 1061 1334 Comedus
1081 1260 1247 1356 nomine,

13 1405 40 1474 3
148 1357 207 1431 vir
226 1359 420 1456 eloquens7
440 1370 478 1432 et
502 1359 591 1432 dixit
609 1362 654 1432 ad
667 1384 759 1434 eos:
805 1359 852 1432 Ut
865 1359 954 1456 quid
971 1358 1246 1454 discordatiso
1322 1429 1324 1434 .

150 1461 232 1556 viri,
250 1483 370 1532 nonne
382 1483 452 1553 pro
472 1460 566 1533 buno
580 1463 688 1554 puris
707 1464 889 1534 eonvenist
874 1463 956 1533 tis?
977 1461 1018 1534 Si
1026 1461 1150 1556 placet
1163 1486 1248 1534 eon·

149 1559 275 1632 silium
301 1584 430 1655 meum,
456 1585 521 1656 eqo
546 1561 648 1634 vodis
674 1563 792 1634 virum
817 1563 950 1634 bonurn
978 1561 1246 1735 demonstrabo,

13 1685 14 1688 ¹
45 1717 48 1720 .
147 1657 302 1755 dipsium
323 1661 460 1734 honore
485 1665 599 1758 repis,
625 1665 743 1735 virum
769 1663 947 1754 felicem
934 1687 971 1735 en
989 1667 1043 1736 uie
1045 1666 1160 1758 tortis,
1179 1687 1248 1756 per

150 1784 273 1858 quern
271 1761 461 1836 Dominus
486 1764 697 1856 operabitur
727 1756 829 1838 solut
813 1771 883 1837 tem
907 1768 943 1838 in
969 1765 1084 1838 nobis.
1118 1769 1172 1838 At
1196 1765 1248 1838 illi

100 1931 109 1942 ,,
145 1886 283 1936 omnes
303 1887 505 1938 assensum
524 1864 575 1937 illi
586 1867 838 1968 prebuerunt
849 1878 889 1940 ut
906 1890 1168 1976 quemcunque
1186 1866 1248 1938 ille

69 2037 72 2044 ,
146 1961 411 2062 designasset
442 1965 543 2038 hunc
573 1989 704 2080 regem
736 1991 868 2040 omnes
895 1967 1133 2044 salutarent
1162 1967 1266 2081 Qui,¹

146 2066 367 2164 assumptis
385 2089 516 2140 secum
541 2067 673 2165 sociis
706 2067 795 2142 ahiit
822 2072 867 2142 ad
895 2068 1099 2167 hospitium
1128 2069 1249 2142 cuius-

147 2167 238 2238 dam
257 2166 458 2240 honesti
424 2168 492 2240 vrri
513 2169 571 2240 cui
592 2123 731 2242 nonien
753 2169 983 2242 Heinrious1.
1020 2169 1120 2244 Sed
1111 2181 1250 2242 intran-

117 2266 250 2340 'tihus
276 2267 348 2341 illis
375 2269 632 2366 hospitium,
624 2293 747 2367 ipsum
774 2295 847 2340 non
874 2271 1107 2342 invenerunt.
1160 2272 1249 2342 Erat
1291 2314 1293 2319 ι

146 2368 252 2441 enim
271 2369 477 2466 inhorreo
506 2371 715 2468 aucupandi
743 2371 863 2446 studio
892 2380 1106 2468 occupatus,
1149 2371 1249 2443 Uxor

147 2480 278 2542 autem
299 2470 379 2542 eius
398 2469 511 2543 illos
501 2481 683 2544 intrantes
714 2471 873 2572 honeste
900 2473 1080 2570 suscepit
1106 2471 1248 2584 dicens,

146 2570 327 2642 maritum
346 2580 565 2668 presentem
584 2595 659 2644 non
678 2568 779 2670 esse,
793 2597 868 2646 nun
882 2572 995 2670 longe
1008 2583 1136 2670 tamen
1137 2571 1250 2686 ριιεί-Ι

146 2681 241 2744 tum.
280 2673 451 2770 Cumque
469 2672 520 2744 illi
542 2676 804 2748 desternerent
823 2697 998 2773 equos,e
1001 2665 1249 2746 tconviviuni

146 2771 630 2888 hospitihusinstrueretura
649 2775 710 2847 illa
730 2776 827 2848 clam
845 2774 948 2848 misit
966 2797 1082 2888 equos
1103 2773 1250 2888 marito,

147 2883 193 2946 ut
218 2873 417 2988 equitando
438 2876 618 2947 domum
610 2887 777 2972 intraret⁷
799 2901 906 2978 quasi
898 2875 1025 2950 de
992 2901 1049 2948 vra
1069 2877 1249 2951 venisset.

148 2974 205 3048 llli
225 2985 351 3046 autem
371 2975 521 3048 intranti
536 2989 801 3092 occurrerunt⁷
812 3002 905 3076 quos
924 2976 986 3049 ille
1007 3001 1091 3050 cum
1112 2977 1250 3050 saluta

14 3123 15 3132 .
120 3147 121 3150 ,
148 3075 255 3148 tione
273 3076 433 3150 honeste
455 3077 635 3190 suscepit,
661 3077 873 3177 precipiens
888 3077 976 3177 poni
992 3085 1177 3173 mensam,
1197 3077 1250 3149 in-

149 3176 276 3250 vitans
292 3179 336 3249 ad
352 3177 495 3274 epulas.
523 3177 589 3252 Cui
605 3181 798 3262 Conradus
813 3179 1022 3292 respondit:
1041 3175 1250 3250 Noncome·

150 3275 254 3372 dum,
268 3276 382 3350 donee
399 3277 533 3375 loquar
545 3303 728 3352 sermones
746 3303 854 3352 meos
885 3278 955 3368 Qui
976 3279 1043 3351 ait:
1075 3279 1247 3396 Loquere.

150 3380 201 3452 At
218 3373 296 3450 ille:
333 3379 378 3450 Te
394 3379 561 3452 soluit
480 3385 561 3453 tran
559 3380 722 3478 ,inquit
741 3405 864 3454 omnes
882 3375 1042 3453 Sueonie
1054 3381 1249 3497 principes,

13 3459 15 3542 s
131 3576 134 3582 ἱ
151 3486 338 3575 repentes,
362 3486 405 3552 ut
419 3488 535 3578 quant
535 3483 637 3554 ocius
655 3480 706 3553 ud
724 3505 785 3555 eos
805 3481 1014 3555 Gosluriom
1030 3484 1165 3555 venius.
1184 3483 1250 3556 At

152 3579 216 3652 ille
248 3583 460 3678 respondit:
505 3582 652 3672 Quidt
636 3583 769 3678 tantilli
792 3585 861 3656 oiri
886 3583 1049 3680 indiqent
1066 3585 1250 3678 principes

114 3709 118 3718 ·
154 3679 338 3754 Suronie?
381 3682 550 3760 Surrexit
574 3695 703 3758 tamen
729 3674 767 3758 et
790 3685 893 3758 venit
919 3687 966 3758 ad
985 3709 1063 3758 eos
1107 3683 1249 3772 Quibus

155 3782 362 3880 Conradus7
377 3783 438 3881 qui
459 3809 543 3858 eum
564 3789 781 3883 adduxerat
801 3786 905 3859 dixit.
935 3787 1193 3859 Eeeererrvest
1177 3784 1251 3856 ter!

154 3884 361 3960 Confestim
382 3897 508 3960 autem
528 3910 661 3961 omnes
676 3888 903 3961 unanimiter
925 3895 1156 3960 creaverunt
1162 3908 1250 3958 eum

153 4020 179 4090 1)
199 4017 348 4074 Consilium
375 4039 472 4092 aroge
492 4019 658 4078 Conradol.
685 4025 718 4078 de
744 4011 867 4094 eligendo
887 4020 1058 4078 lleiuricol.
1079 4039 1103 4075 a
1123 4020 1178 4075 918
1197 4022 1252 4076 da-

149 4107 209 4152 tum
228 4117 289 4152 eum
311 4097 361 4166 his,
388 4115 456 4168 quse
481 4093 600 4168 tempore
624 4098 690 4152 belli
710 4095 844 4152 Saxonum
865 4107 956 4152 contra
975 4095 1134 4151 Heinricum
1154 4095 1203 4151 lV.
1223 4104 1252 4152 et

152 4172 293 4258 electionis
312 4168 421 4224 Rudolfi
441 4173 474 4224 dc
494 4171 592 4228 Suesia
612 4183 670 4226 acta
691 4173 820 4236 suntab
840 4171 963 4227 Arnoldo
983 4171 1112 4226 conlundi
1133 4179 1251 4242 apparet.

151 4273 184 4286 -·
206 4241 309 4299 Confer
328 4243 424 4311 Weitz,
442 4245 608 4300 lahrbdcher
627 4250 674 4302 des
693 4214 848 4307 Deulscheu
867 4241 978 4302 Reiohs
970 4255 1063 4302 unter
1083 4245 1251 4304 Heinrichl.

152 4315 228 4374 Neue
247 4317 346 4376 Bearh.
366 4287 467 4376 Exo'urs
488 4319 546 4376 Vl.
543 4338 580 4391 p
598 4321 654 4374 214
672 4341 713 4394 sq.
