3116 5014
337 477 549 552 ARNOLDI
577 475 823 550 CHRONICA
850 475 1116 551 SLAVORUM.
1254 485 1278 552 7

281 679 385 776 ΙάνΙΙ
421 679 636 766 Guelforum
674 680 793 773 mopis
835 702 946 774 quom
992 677 1274 752 Ghihellinorum

178 787 379 875 auctorem,
406 779 739 866 familiarissimum
769 779 942 852 Heinrioo
969 775 1137 872 episcopo
1167 779 1274 852 Luhi-

177 883 287 976 censi,
315 903 340 952 o
366 903 438 976 quo
463 879 627 952 scholam
653 879 982 952 Hildensemensem
1010 881 1273 953 outBrunswi·

119 1007 127 1018 ’
179 1005 319 1053 oensem
343 980 555 1053 moderante
581 979 724 1052 ridetur
750 979 927 1052 educatus
953 1003 1040 1075 esse,
1066 983 1181 1067 fuisse
1206 981 1272 1054 ad·

177 1080 314 1153 dictum
332 1105 436 1153 nemo
456 1080 670 1152 mirabitur:
697 1086 859 1153 attamen
875 1084 1040 1174 partium
1065 1079 1187 1154 studio
1207 1080 1272 1154 du-

178 1188 274 1254 ctum
293 1204 372 1254 eum
381 1181 578 1254 historiam
595 1203 670 1254 non
687 1184 875 1274 scripsisse
888 1182 1052 1254 Heinriei
1071 1181 1122 1253 Vr.
1142 1181 1272 1254 etPhi·

177 1281 269 1376 lippi
292 1305 428 1377 repum,
460 1281 654 1354 historiam
682 1281 744 1354 uhi
762 1282 1058 1378 perlustraveris,
1090 1286 1270 1375 spontem

176 1381 303 1454 oculos
330 1385 502 1455 incurrit:
535 1390 630 1456 certe
657 1383 825 1454 acerbius
849 1381 942 1454 illud
968 1382 1012 1455 de
1039 1407 1121 1478 repe
1148 1382 1274 1456 adole·
1340 1411 1344 1418 ·

175 1489 304 1578 scente,
330 1485 443 1555 seruis
469 1485 546 1555 suis
572 1483 742 1555 clericum
760 1482 953 1579 quendum,
982 1483 1205 1578 insolentius,
1231 1491 1274 1556 ut

174 1583 329 1678 uidetur,
356 1589 531 1679 opuntem,
558 1583 761 1657 occandum
787 1583 952 1656 tradente
969 1583 1145 1658 iudicium
1161 1591 1273 1680 „post

174 1683 325 1756 Decium
343 1683 454 1756 nichil
471 1684 543 1756 talc
562 1676 729 1756 nuditum
755 1687 870 1771 scrisse
895 1683 939 1756 de
956 1683 1127 1780 reqiouc‘
1154 1709 1179 1756 a
1202 1683 1270 1756 elc-

76 1797 80 1803 “
174 1788 264 1881 rico,
283 1808 395 1881 neque
412 1809 497 1857 uero
517 1809 540 1856 a
557 1785 770 1872 Guelforum
787 1791 966 1858 sectatore
978 1788 1188 1880 profectum
1204 1791 1267 1857 est.
1314 1840 1317 1846 .

175 1885 269 1974 Quin
288 1889 400 1958 etium
418 1888 535 1979 ipsum
554 1885 756 1958 Arnoldum
783 1885 956 1974 maluisse
968 1885 1119 1979 placari
1133 1888 1269 1980 princi·

139 2043 141 2046 .
167 2009 247 2081 pes,
266 2009 377 2082 quarn
394 1986 617 2073 factionibus
636 1986 800 2059 distineri
822 1991 975 2059 testatur
991 2009 1173 2059 summum
1192 1989 1268 2058 eius

170 2087 350 2182 paudium
378 2085 422 2158 de
446 2089 679 2160 matrimonio
710 2089 802 2159 inter
830 2087 1043 2160 Heinricum
1060 2086 1267 2181 palatinum

174 2186 382 2282 etdpnetem
399 2185 727 2281 Conrodipolctini
740 2187 784 2259 de
798 2187 920 2260 Rheno
934 2187 1049 2277 filium
1064 2193 1266 2282 contracto,

171 2310 245 2383 quo
259 2311 390 2382 pacem
409 2291 446 2359 in
465 2287 634 2360 Sauonia
652 2291 908 2376 confirmatum
926 2291 973 2358 iri
991 2291 1148 2375 confisus
1167 2293 1228 2358 est.

273 2386 427 2460 druoldi
449 2411 563 2483 penus
589 2387 733 2459 dicendi
761 2394 927 2459 nostram
957 2384 1149 2459 editionem
1173 2384 1267 2458 eool-

171 2492 266 2561 uenti
300 2492 420 2562 minus
449 2491 558 2561 etlam
574 2488 885 2581 ‘comprobabitur
920 2486 1148 2560 emendatum
1180 2510 1266 2581 esse,

172 2613 284 2685 quam
301 2589 486 2685 hucusque
502 2587 716 2682 uidebatur;
734 2587 898 2682 plurima
917 2591 1022 2683 enim,
1041 2587 1093 2659 ad
1111 2590 1267 2680 optimos

172 2686 287 2763 libros
304 2692 574 2783 manuscriptos
599 2688 763 2761 redeunti
789 2686 1008 2784 corripendo
1033 2695 1148 2783 erant,
1173 2711 1267 2784 quae

171 2813 240 2863 suo
259 2816 360 2864 more
377 2793 497 2863 inuitis
515 2789 618 2862 libris
637 2788 792 2862 editores
819 2795 1057 2862 mutaverunt.
1108 2790 1189 2860 lam
1207 2812 1267 2860 ne-

171 2894 255 2986 pori
273 2915 346 2964 non
359 2897 489 2986 potest,
517 2893 555 2964 in
581 2897 784 2983 temporum
811 2913 920 2986 quum
947 2895 1082 2964 uocant
1098 2889 1267 2962 consecu-

172 2995 281 3088 tione,
298 2996 346 3064 'in
365 2991 496 3087 modis,
522 2993 559 3064 in
585 2991 778 3063 uerborum
803 3015 932 3087 penore
956 2992 1168 3085 saepissime
1185 3013 1267 3062 eum

172 3116 326 3188 errasse,
357 3091 544 3173 seductum
571 3091 757 3164 vernaculi
781 3094 958 3164 sermonis
989 3091 1147 3186 lepihus:
1173 3113 1267 3186 quae

170 3193 382 3289 sinpulatim
399 3193 457 3265 hic
475 3215 687 3265 enumerare
712 3191 861 3287 lonpum
885 3198 945 3264 est.
1000 3191 1168 3274 Sermoni
1191 3213 1267 3261 mo-

171 3294 376 3366 nachorum
394 3293 551 3388 culpari,
569 3291 690 3390 qualis
718 3299 770 3364 est
785 3291 962 3386 Arnoldo,
981 3291 1164 3386 plurimos
1188 3289 1267 3362 Vul-

169 3401 280 3491 patae
307 3419 399 3491 quac
421 3393 554 3466 dicitur
572 3393 674 3465 locos
698 3416 774 3465 csse
804 3395 957 3465 insertos
983 3415 1087 3465 nemo
1118 3390 1267 3463 mirabi-

170 3503 242 3592 mr,
269 3495 334 3568 sed
351 3495 545 3567 mirabitur
568 3496 739 3589 fortasse,
765 3499 907 3566 tantam
930 3496 1044 3580 fuisse
1071 3495 1107 3564 in
1134 3491 1266 3564 clerico

167 3603 361 3689 poetarum
378 3596 631 3668 Romanorum
649 3597 846 3667 scientiam.
894 3593 1068 3687 Quorum,
1090 3615 1182 3690 quos
1199 3615 1292 3664 nos·
1398 3685 1400 3694 Ι

172 3695 296 3768 dedita
316 3719 428 3789 opera
442 3697 631 3788 potuimus
657 3693 849 3790 indepare,
876 3693 948 3770 loci
971 3695 1008 3765 hi
1026 3700 1130 3766 sunt:
1165 3695 1267 3789 quin·

170 3821 237 3892 que
268 3795 415 3892 lapilli,
437 3795 575 3868 scilicet
599 3795 622 3866 Ι.
645 3795 678 3866 V.
699 3819 727 3866 c.
745 3799 802 3869 ¹28.
829 3795 852 3866 Ι.
878 3794 911 3866 V.
933 3819 961 3866 c.
977 3798 1025 3869 ‘29
1053 3801 1089 3866 et
1117 3792 1169 3864 l'l.
1192 3794 1263 3865 cli.

170 3896 283 3969 llll.
314 3922 344 3970 c.
370 3901 424 3972 19.
453 3897 475 3968 l.
497 3893 569 3968 VH.
600 3901 708 3970 c.18.
737 3894 954 3989 l.l.praef.
995 3937 1034 3948 -
1073 3916 1137 3992 sec¹
1170 3891 1268 3965 Artis

165 4000 333 4090 poeticae
367 3997 612 4091 Horatianus,
647 3995 786 4067 scilicet
809 3995 832 4066 l.
864 3996 926 4068 ΙΙΙ.
956 4021 985 4066 c.
1000 3997 1035 4066 6.
1073 3993 1096 4066 l.
1123 3991 1156 4064 ΙΙ.
1185 3997 1264 4066 ε.7.

171 4096 194 4168 Ι.
218 4097 288 4169 VII.
307 4122 335 4168 c.
350 4099 405 4170 16.
440 4096 519 4168 l.l'.
549 4121 577 4167 c.
596 4098 653 4168 13.
681 4094 704 4166 Ι.
732 4093 800 4166 VH.
821 4121 850 4167 c.
868 4099 903 4168 8.
931 4095 1054 4181 Praei.
1084 4135 1129 4148 --
1165 4096 1266 4190 quin·

144 4203 240 4293 'quc
276 4196 406 4288 Ouidii,
441 4195 580 4268 scilicet
612 4195 704 4268 ΙΙΙ.
733 4219 762 4266 c.
783 4199 839 4268 14.
877 4194 900 4266 Ι.
921 4195 983 4266 ΙΙΙ.
1008 4219 1036 4266 c.
1056 4197 1112 4269 13.
1146 4195 1170 4266 Ι.
1195 4193 1265 4265 VII.

172 4301 279 4374 c.12.
334 4297 356 4368 l.
376 4296 434 4369 IV.
464 4321 492 4368 c.
509 4297 542 4370 2.
588 4295 611 4367 Ι.
631 4297 675 4367 ΙΙ.
705 4320 733 4367 c.
754 4297 787 4367 h.
821 4337 869 4349 -
914 4317 1006 4368 unus
1034 4293 1154 4390 Statii,
1172 4293 1267 4366 scili·
