3116 5014
251 467 255 472 -
311 429 361 499 40
410 419 620 496 ιιιιιοιιιι
648 388 890 496 οιιιιοιιιοι
915 419 1187 496 servorun.
1231 417 1318 492 ura.
1345 421 1387 493 ιι.

224 623 506 700 ruuintroitum
532 619 653 720 ipsius
680 631 870 694 commota
893 631 952 694 est
968 631 1085 718 terra,
1104 622 1190 719 quia
1208 620 1425 695 faventibus

315 723 544 824 principibus
564 719 808 794 orientalibus
834 721 952 795 multu
972 733 1100 796 contra
1121 725 1257 794 ducem
1278 721 1425 794 Heinri-

318 849 402 899 cum
419 821 541 896 moliri
559 821 670 920 cepit.
705 822 848 921 Fugato
864 821 979 895 etiam
998 823 1148 896 Gerone
1160 821 1186 918 1,
1202 823 1327 895 omnia
1349 845 1425 920 que

318 924 447 998 multis
473 921 582 994 aunis
608 927 647 994 in
675 922 837 996 ecclesia
864 923 927 996 illa
953 947 1023 1022 per
1050 920 1136 996 eum
1157 923 1326 995 ordinata
1345 923 1429 995 tue·

319 1036 405 1099 rant
432 1033 583 1096 cassata
611 1033 708 1096 sunt.
761 1024 905 1097 Omnes
936 1023 1050 1121 igitur
1076 1023 1234 1096 ordinati
1263 1023 1426 1096 Geronis
1538 1035 1539 1094 t

322 1131 368 1200 ab
388 1121 510 1196 officio
531 1122 708 1221 suspensi
735 1135 840 1219 sunt3
866 1124 1027 1198 ecclesie
1048 1147 1141 1223 quas
1160 1124 1223 1196 ille
1242 1147 1316 1195 ιιοιι
1338 1147 1429 1196 con·

324 1233 554 1319 secraverat,
578 1225 644 1296 sed
668 1224 791 1321 magis
820 1235 1077 1320 excecaverat,
1106 1224 1233 1296 clause
1262 1234 1360 1319 sunt,
1388 1235 1431 1297 et
1538 1287 1539 1290 ,

325 1323 574 1424 corpusbeati
589 1324 793 1397 Burchardi
810 1326 978 1428 episcopi
989 1325 1016 1416 ²‚
1031 1327 1128 1424 quod
1149 1324 1210 1397 ille
1225 1325 1431 1398 transtule-

326 1437 397 1522 rat,
419 1448 491 1524 per
505 1424 720 1498 Odelricum
745 1435 846 1498 terre
865 1426 1100 1500 reconditum
1121 1435 1190 1497 est.

401 1531 435 1599 4.
461 1524 514 1597 De
538 1523 768 1618 expedicione
795 1523 899 1598 ducis
925 1530 963 1598 in
981 1525 1178 1597 Salaciam.
1233 1524 1272 1596 ln
1294 1524 1431 1598 diebus

327 1636 453 1698 autem
490 1625 562 1696 illis
594 1624 792 1696 Heinricus
829 1629 902 1698 dux
934 1650 1019 1698 curn
1051 1625 1433 1722 graviexpeditione

328 1724 515 1798 Sclaviarn
534 1723 740 1796 intraverat
763 1735 800 1796 et
818 1730 1057 1823 expugnabat
1073 1735 1239 1802 castrum
1258 1725 1391 1818 Dymin
1403 1725 1429 1802 ³.

327 1823 460 1896 Audito
475 1822 588 1918 igitur
601 1825 647 1894 de
665 1824 842 1920 ingressu
858 1825 1033 1922 odelrici,
1051 1825 1282 1922 intelligens,
1295 1849 1336 1898 se
1352 1825 1430 1898 iarn

330 1925 628 1997 circumventum
649 1947 755 1996 esse:
1538 1929 1539 1932 ’

468 2021 574 2094 Bella
593 2023 711 2118 michi,
729 2022 846 2119 video,
866 2025 961 2098 bella
976 2033 1172 2124 parantur,
1191 2029 1275 2103 alti.

328 2122 555 2220 Vocatisque
587 2119 789 2196 admodum
822 2128 953 2222 paucis
985 2130 1030 2200 de
1061 2129 1306 2205 familiaribus
1335 2133 1430 2230 suis⁷
1537 2157 1539 2192 ss

330 2222 488 2319 dicebat7
503 2247 545 2296 se
566 2223 647 2296 sine
667 2225 769 2296 omni
788 2225 964 2299 dilatione
983 2227 1020 2298 in
1036 2227 1236 2302 Saxoniarn
1254 2243 1430 2329 oportere
1538 2251 1539 2254 ’

330 2323 486 2419 reverti5
507 2323 605 2396 inter
629 2347 722 2422 quos
743 2325 797 2397 sic
814 2326 1042 2400 Fridericum
1062 2331 1321 2404 machinarum
1342 2355 1430 2404 con·
1536 2409 1539 2426 ‚

283 2440 285 2443 ’
332 2433 556 2496 structorem
592 2425 792 2520 alloquitur
823 2427 973 2500 dicens:
1025 2427 1162 2518 Quibus
1193 2433 1334 2504 artibus
1364 2441 1435 2506 aut

331 2523 467 2593 uiribus
486 2524 772 2617 eapupnabimus
786 2525 935 2598 urbem?
962 2527 1033 2614 Qui
1049 2532 1260 2626 respondit:
1291 2531 1333 2604 Si
1345 2533 1433 2625 pla·

332 2628 407 2714 cet,
439 2628 530 2714 post
559 2621 722 2694 triduum
756 2647 836 2694 eam
862 2632 976 2698 totam
1001 2627 1177 2702 incendiis
1203 2655 1431 2706 consumam.

333 2720 400 2795 Cui
419 2723 506 2791 dux:
542 2719 625 2793 Non
652 2721 779 2818 laudo,
805 2723 937 2820 ait‚,ut
961 2726 1188 2824 incendatur,
1215 2735 1302 2827 quia
1320 2737 1353 2805 si
1371 2757 1430 2806 ea·

332 2826 417 2892 usta
446 2822 571 2916 fuerit,
597 2845 670 2894 non
696 2825 816 2895 minus
835 2823 957 2896 hostes
982 2832 1175 2921 resumptis
1200 2832 1338 2906 uiribus
1362 2859 1432 2907 nos

332 2920 592 3016 inquietabunt,
607 2924 764 2994 manime
778 2945 859 2995 cum
877 2931 981 2998 trans
993 2921 1138 3000 Albium
1155 2935 1319 3005 munima
1334 2933 1432 3006 bella

334 3019 528 3092 adversum
554 3045 622 3094 uos
648 3031 890 3120 cousurpant7
917 3032 953 3096 et
979 3024 1114 3099 durum
1138 3033 1187 3102 sit
1208 3055 1251 3104 ea
1275 3040 1432 3131 utraque
1473 3085 1475 3088 -

326 3127 438 3212 parte
454 3119 601 3193 hostiles
619 3125 788 3194 incursus
812 3127 999 3198 sustinere.
1042 3127 1108 3202 Cui
1128 3130 1207 3202 ille:
1253 3132 1294 3204 Si
1311 3137 1434 3230 mapis

326 3220 555 3316 placetlroc,
581 3221 780 3301 elaborabo
807 3231 850 3302 ut
858 3233 949 3317 post
963 3225 1127 3299 triduum
1145 3230 1300 3329 obsides,
1327 3242 1434 3331 quot·

332 3327 423 3415 quot
437 3321 636 3417 volueritis,
655 3325 818 3410 afferant
839 3332 875 3397 et
890 3323 1058 3420 deinceps
1076 3329 1213 3409 tributu
1236 3356 1317 3406 cum
1334 3357 1431 3426 pace

326 3419 551 3513 persolvant.
592 3422 698 3508 Quod
723 3431 806 3495 curn
830 3426 912 3497 duci
937 3427 1142 3524 placuisset
1162 3441 1199 3502 et
1217 3433 1272 3504 sic
1290 3434 1430 3506 factum

288 3613 289 3616 Ἴ
331 3519 478 3616 fuisset,
506 3521 671 3618 acceptis
700 3523 889 3598 obsidibus
917 3529 1024 3624 quasi
1046 3529 1183 3602 infecto
1203 3534 1354 3628 negotio
1374 3559 1433 3608 re·
1464 3617 1466 3624 y

331 3643 466 3692 versus
487 3631 546 3692 est
563 3620 816 3698 Bruneswich.
1536 3713 1538 3718 ¹

407 3721 441 3794 5.
473 3717 527 3790 De
551 3719 777 3808 fundacione
803 3724 941 3797 cenobii
966 3736 1090 3801 sancte
1114 3730 1231 3804 Marte
1257 3740 1291 3804 et
1313 3737 1435 3806 sancti

333 3817 508 3892 Iohannis
533 3821 751 3916 euanpeliste
780 3826 818 3898 in
841 3825 998 3899 lubeba.
1054 3830 1140 3926 lpso
1171 3843 1298 3906 auteur
1331 3858 1433 3905 anno

304 3973 308 3976 ·
332 3951 360 4023 1)
381 3950 517 4009 Geronem
537 3955 701 4026 episcopum,
728 3955 854 4014 Udalrico
875 3961 976 4032 lugeto,
995 3965 1147 4019 instituerat
1166 3969 1219 4020 dux
1238 3966 1385 4024 Heinricus
1405 3987 1430 4022 a.

334 4023 414 4096 1160,
434 4044 461 4083 v.
478 4027 552 4091 Αιιιι.
572 4025 668 4098 Pegav.
743 4031 770 4100 2)
790 4031 981 4104 lntelligendus
998 4054 1057 4091 esse
1076 4039 1183 4094 ridetur
1201 4039 1374 4096 Burchardus
1394 4041 1434 4095 11.

333 4096 482 4168 episcopus,
503 4101 549 4170 qui
569 4117 591 4154 a.
611 4100 691 4155 1088.
718 4101 857 4162 Goslariae
877 4109 981 4162 occisus
1000 4119 1051 4172 est;
1071 4127 1168 4181 corpus
1186 4112 1244 4166 eius
1263 4123 1328 4167 tunc
1341 4113 1434 4168 Ilscn-

332 4173 401 4240 burg
421 4171 553 4242 sepultum
573 4183 627 4238 est;
646 4193 671 4230 v.
686 4174 785 4232 Chron.
807 4177 978 4234 Halberstad.
1000 4183 1040 4237 ed.
1052 4181 1150 4238 Schatz
1168 4203 1195 4256 p.
1207 4184 1251 4240 43.
1327 4187 1353 4257 3)
1373 4186 1433 4241 scil.

332 4261 357 4296 a.
379 4241 458 4298 1177.
478 4244 549 4300 Αιιιι.
569 4243 666 4316 Pogar.
740 4248 767 4320 4)
788 4247 878 4304 Ovidii
898 4251 1012 4308 Remed.
1031 4254 1139 4312 Amoris
1158 4274 1183 4308 r.
1201 4257 1232 4312 2.'
