3116 5014
330 460 379 533 36
431 455 640 530 annotet
668 454 909 530 CHRONICA
936 453 1204 528 SLAVORUM.
1247 453 1333 527 LlB.
1353 453 1378 528 l.

330 657 479 752 fuisset
497 655 633 729 iterum
653 651 743 728 dixit
757 654 987 753 apostolicus
1002 656 1048 728 ad
1065 655 1304 754 episcopum:
1339 655 1441 726 Fra-

330 765 395 855 ter,
418 755 565 832 benedic
590 763 624 829 et
646 755 735 828 bibe.
782 757 829 830 At
853 755 915 828 ille
940 754 1142 830 virtutem1
1169 758 1215 829 de
1237 781 1280 830 se
1302 755 1436 830 exisse

317 858 523 954 nesciens,
538 859 712 954 credens,
732 881 778 930 ex
791 856 972 930 industria
987 856 1117 928 vinum
1131 857 1286 930 allatum
1300 857 1439 953 fuisse,

331 959 552 1057 simpliciter
570 958 772 1052 benedixit,
791 967 828 1029 et
846 957 982 1030 iterum
997 967 1141 1029 mutata
1160 968 1219 1032 est
1237 959 1273 1030 in
1289 957 1437 1053 vinum,

331 1060 540 1154 bibensque
564 1058 664 1132 dedit
689 1058 907 1157 apostolico.
947 1061 995 1131 At
1020 1057 1082 1132 ille
1102 1052 1224 1132 adhuc
1251 1083 1326 1132 non
1352 1081 1436 1130 cre-

332 1163 440 1255 done,
464 1169 602 1256 putans
623 1181 750 1232 errore
770 1160 910 1232 factum
936 1159 1068 1255 fuisse,
1097 1160 1206 1232 tertio
1233 1159 1330 1232 clam
1350 1181 1436 1256 pre·

333 1259 433 1357 cepit
459 1259 586 1332 afferri
613 1285 763 1357 aquam,
790 1271 827 1334 et
844 1259 955 1332 tertio
985 1271 1129 1334 mutata
1152 1271 1220 1334 est·
1235 1261 1272 1331 in
1293 1259 1433 1332 vinum.
1537 1347 1538 1352 Ἰ

332 1361 437 1434 Tunc
468 1361 619 1459 expavit
649 1361 899 1460 apostolicus,
931 1360 1160 1458 intelligisne,
1192 1385 1279 1434 eum
1309 1360 1435 1432 virum
1537 1371 1538 1374 ’

333 1470 506 1534 sanctum
523 1485 611 1536 esse
631 1473 669 1534 et
684 1461 859 1535 virtutem
871 1462 939 1534 Dei
950 1461 987 1534 in
1003 1487 1048 1538 eo
1060 1463 1286 1535 celebratam
1302 1461 1432 1535 fuisse.

332 1563 422 1635 Post
449 1563 522 1635 hec
548 1562 637 1635 dixit
664 1562 997 1660 adapostolicam:
1038 1561 1190 1658 Domne,
1216 1567 1378 1634 revertur
1396 1562 1435 1633 in

327 1662 568 1758 parrochiam
585 1686 706 1734 meum
723 1669 760 1734 et
768 1662 923 1734 visitabo
939 1686 1022 1734 oves
1041 1685 1152 1734 meas.
1186 1661 1271 1734 Scio
1288 1660 1434 1758 quidem

333 1765 429 1833 iram
455 1765 550 1856 cauis
575 1762 682 1834 miehi
710 1765 905 1852 imminere,
934 1761 999 1836 sed
1026 1761 1265 1836 obediendum
1287 1770 1339 1835 cst
1355 1761 1433 1834 Deo

332 1864 452 1956 muyis
469 1885 578 1958 quum
602 1862 841 1936 bominibu32.
879 1864 999 1957 Ipsius
1017 1866 1054 1936 in
1072 1887 1128 1935 me
1141 1866 1355 1958 pertimetur
1372 1885 1435 1934 eo·

333 1962 468 2056 luntas,
490 1987 563 2056 pro
591 1965 695 2036 cuius
712 1966 856 2037 nominc
875 1970 910 2036 ct
933 1967 1028 2036 mori
1041 1971 1203 2058 paratus
1225 1985 1318 2058 sum,
1345 1965 1435 2060 quia

333 2066 430 2134 sicut
454 2062 513 2136 ille
532 2088 605 2157 pru
632 2065 737 2137 nobis
764 2067 927 2138 animum
951 2087 1059 2138 suam
1075 2065 1214 2159 posuit,
1246 2067 1299 2138 ita
1317 2071 1352 2135 et
1366 2087 1435 2136 nos

335 2161 505 2237 debemus
517 2163 676 2259 ponere³
689 2189 761 2259 pro
780 2165 961 2253 frutribus
974 2168 1130 2238 animes.
1160 2165 1227 2240 Cui
1243 2164 1332 2236 dixit
1346 2189 1435 2257 apo·

336 2264 508 2338 stolicus:
551 2265 658 2360 Vade,
678 2290 758 2338 ecce
776 2289 841 2362 eqo
860 2269 962 2338 mitto
980 2272 1023 2338 te.
1067 2267 1113 2338 Et
1131 2266 1181 2338 ita
1201 2288 1377 2338 reversus
1397 2266 1435 2336 in

246 2367 572 2464 nruparroehiam
600 2386 722 2465 suam,
745 2392 885 2465 passus
910 2377 969 2440 est
992 2370 1026 2440 4.
1049 2367 1239 2440 Kalendas
1262 2365 1437 2461 Ianuarii,
1538 2363 1539 2402 ³

258 2456 375 2582 {gast
398 2490 445 2556 ex
462 2468 544 2565 ipsa
567 2469 658 2541 hora
678 2493 798 2566 usque
813 2468 851 2540 in
866 2467 1089 2539 hodiernum
1109 2469 1207 2540 diem
1226 2466 1436 2564 peripsum
1538 2469 1539 2510 l

310 2569 439 2640 'Deus
467 2579 645 2664 operatus
672 2579 731 2640 est
757 2569 915 2640 virtutes
942 2567 1093 2664 multae,
1121 2568 1217 2640 sicut
1244 2565 1358 2638 etiam
1384 2577 1438 2639 te·

339 2677 485 2739 stantur
509 2667 547 2739 hi
572 2667 633 2764 qui
659 2670 705 2744 ad
731 2677 1018 2740 monumentum
1044 2667 1163 2766 ipsius
1188 2668 1352 2755 fuerunt
1376 2667 1438 2740 ubi

338 2791 407 2865 per
425 2767 602 2840 virtutem
621 2767 834 2840 orationum
854 2792 1008 2840 suarum
1028 2769 1201 2841 omnibus
1220 2765 1439 2840 infirmanti·
1539 2759 1540 2774 ¹

338 2871 408 2940 bus
424 2869 485 2940 vel
498 2866 646 2941 afflictis
661 2878 879 2966 prestantur
893 2867 1075 2942 beneficia
1093 2869 1223 2963 multa,
1243 2877 1280 2940 et
1295 2868 1438 2964 magni-

337 2967 471 3040 ficatur
484 2969 586 3042 Dens
606 2969 791 3066 apopulis
806 2969 974 3042 omnium
990 2971 1197 3068 nationum,
1217 2967 1279 3065 qui
1298 2969 1436 3042 nostris

339 3067 468 3238 {flami
479 3069 712 3168 temporibus
740 3069 776 3142 in
797 3070 938 3144 sanctis
958 3071 1036 3144 suis
1056 3070 1231 3167 dignatus
1252 3078 1312 3140 est
1329 3069 1441 3165 gluri-

368 3193 442 3241 ean
471 3226 477 3239 .
520 3201 523 3206 ¹

633 3299 637 3304 ’
679 3307 817 3380 LIBER
843 3306 1099 3382 SECUNDUS.

418 3443 449 3512 1.
474 3439 528 3512 De
547 3439 736 3515 discordia
754 3446 986 3538 imperatoris
1011 3449 1047 3515 et
1062 3442 1176 3518 duos.
1220 3433 1328 3519 Circa
1346 3455 1438 3518 tem·

339 3563 432 3636 pora
450 3539 595 3614 dierum
614 3541 762 3618 illorum
782 3543 819 3616 in
838 3544 942 3618 ltalia
960 3544 1108 3642 positus
1128 3556 1209 3618 erat
1235 3545 1440 3644 imperator

219 3703 222 3710 .
339 3639 464 3713 nimiis
502 3641 630 3740 preliis
675 3655 880 3739 occupatus
897 3643 922 3715 ⁶.
973 3644 1166 3742 Siquidem
1203 3645 1439 3744 Langobardi

340 3741 539 3814 unanimes
564 3744 797 3818 rebellabant
822 3755 950 3816 contra
979 3770 1066 3818 eum
1094 3757 1211 3820 eires
1235 3747 1384 3848 publica
1402 3747 1438 3819 in

339 3841 507 3938 partibus
526 3842 598 3915 illis
617 3845 727 3917 nimis
746 3849 893 3919 turbata
913 3856 1006 3942 erat,
1025 3847 1121 3920 forte
1136 3859 1290 3947 propter
1308 3872 1439 3947 pecca·

338 3951 420 4013 tum
440 3942 645 4043 scismatis,
665 3949 763 4044 quod
778 3945 905 4020 multis
924 3945 1034 4020 annis
1050 3950 1263 4048 duraverat,
1284 3960 1320 4023 et
1335 3949 1440 4022 multi

341 4075 367 4146 1)
387 4079 599 4152 wanderthiitige
618 4079 706 4136 Krait.
789 4083 817 4155 2)
835 4084 929 4138 Actor.
949 4083 975 4150 5,
995 4083 1041 4139 29.
1120 4085 1147 4157 3)
1169 4086 1193 4142 1,
1214 4085 1266 4158 Ep.
1282 4083 1395 4140 lobann.
1413 4085 1438 4151 3,

341 4147 385 4202 16.
465 4150 494 4218 4)
512 4151 645 4224 Memmii,
667 4173 720 4226 quc
738 4154 857 4210 Thomas
877 4175 901 4212 a.
922 4154 1087 4214 1170.1)ec.
1106 4159 1152 4214 29.
1171 4176 1265 4230 passus
1285 4167 1333 4221 est,
1354 4159 1439 4230 pleri-

340 4238 394 4292 que
412 4223 556 4293 scriptores
577 4229 715 4282 coaetanei
735 4231 898 4284 mentionem
918 4231 1029 4295 ieciunt
1059 4231 1129 4286 sicut
1147 4241 1222 4303 petet
1240 4249 1272 4287 ex
1291 4231 1363 4289 Ann.
1385 4231 1440 4286 Pe-

340 4312 400 4364 gai.
421 4293 495 4350 Stad.
515 4294 648 4368 Egmuud.
670 4299 763 4356 Calon.
785 4311 834 4358 etc.
925 4302 951 4374 b)
971 4303 1098 4389 A31174
1118 4314 1145 4360 et
1165 4304 1244 4360 1175.
