<?xml version="1.0" encoding="UTF-8"?>
<!DOCTYPE html PUBLIC "-//W3C//DTD XHTML 1.0 Transitional//EN"
    "http://www.w3.org/TR/xhtml1/DTD/xhtml1-transitional.dtd">
<html xmlns="http://www.w3.org/1999/xhtml" xml:lang="en" lang="en">
 <head>
  <title>
</title>
<meta http-equiv="Content-Type" content="text/html;charset=utf-8" />
  <meta name='ocr-system' content='tesseract 3.04.00' />
  <meta name='ocr-capabilities' content='ocr_page ocr_carea ocr_par ocr_line ocrx_word'/>
</head>
<body>
  <div class='ocr_page' id='page_1' title='image "arnoldichronica00arnogoog_0087.png"; bbox 0 0 3116 5014; ppageno 0'>
   <div class='ocr_carea' id='block_1_1' title="bbox 131 447 1243 545">
    <p class='ocr_par' dir='ltr' id='par_1_1' title="bbox 131 447 1243 545">
     <span class='ocr_line' id='line_1_1' title="bbox 131 447 1243 545; baseline 0.002 -3"><span class='ocrx_word' id='word_1_1' title='bbox 131 447 360 542; x_wconf 66' lang='lat' dir='ltr'>&#39;annotatt</span> <span class='ocrx_word' id='word_1_2' title='bbox 391 464 632 542; x_wconf 81' lang='lat' dir='ltr'>CHRONlCA</span> <span class='ocrx_word' id='word_1_3' title='bbox 661 463 929 542; x_wconf 83' lang='lat' dir='ltr'>SLAVORUM.</span> <span class='ocrx_word' id='word_1_4' title='bbox 971 467 1134 540; x_wconf 77' lang='grc' dir='ltr'>ι1Β;Ιιι.</span> <span class='ocrx_word' id='word_1_5' title='bbox 1186 473 1243 545; x_wconf 77' lang='grc'>76</span> 
     </span>
    </p>
   </div>
   <div class='ocr_carea' id='block_1_2' title="bbox 125 665 1239 1373">
    <p class='ocr_par' dir='ltr' id='par_1_2' title="bbox 125 665 1239 1373">
     <span class='ocr_line' id='line_1_2' title="bbox 132 665 1239 784; baseline 0.004 -40"><span class='ocrx_word' id='word_1_6' title='bbox 132 669 416 784; x_wconf 80' lang='lat' dir='ltr'>conspiratione</span> <span class='ocrx_word' id='word_1_7' title='bbox 430 667 543 763; x_wconf 81' lang='lat' dir='ltr'>facta,</span> <span class='ocrx_word' id='word_1_8' title='bbox 561 665 765 741; x_wconf 82' lang='lat' dir='ltr'><strong>seditiones</strong></span> <span class='ocrx_word' id='word_1_9' title='bbox 780 677 1024 746; x_wconf 89' lang='lat' dir='ltr'>commovent</span> <span class='ocrx_word' id='word_1_10' title='bbox 1042 678 1078 742; x_wconf 90' lang='lat' dir='ltr'>et</span> <span class='ocrx_word' id='word_1_11' title='bbox 1096 667 1239 748; x_wconf 78' lang='lat' dir='ltr'>instant</span> 
     </span>
     <span class='ocr_line' id='line_1_3' title="bbox 129 767 1235 870; baseline -0.003 -24"><span class='ocrx_word' id='word_1_12' title='bbox 129 769 306 870; x_wconf 80' lang='lat' dir='ltr'>magistri</span> <span class='ocrx_word' id='word_1_13' title='bbox 339 767 632 842; x_wconf 82' lang='lat' dir='ltr'>admonitionem</span> <span class='ocrx_word' id='word_1_14' title='bbox 658 769 949 867; x_wconf 81' lang='lat' dir='ltr'>oppressionem</span> <span class='ocrx_word' id='word_1_15' title='bbox 975 769 1171 843; x_wconf 87' lang='lat' dir='ltr'>nominant</span> <span class='ocrx_word' id='word_1_16' title='bbox 1197 782 1235 844; x_wconf 88' lang='lat' dir='ltr'>et</span> 
     </span>
     <span class='ocr_line' id='line_1_4' title="bbox 128 867 1239 970; baseline 0.002 -25"><span class='ocrx_word' id='word_1_17' title='bbox 128 872 219 947; x_wconf 90' lang='lat' dir='ltr'>inde</span> <span class='ocrx_word' id='word_1_18' title='bbox 250 896 292 945; x_wconf 90' lang='lat' dir='ltr'>se</span> <span class='ocrx_word' id='word_1_19' title='bbox 320 867 564 967; x_wconf 85' lang='lat' dir='ltr'>calumpniari</span> <span class='ocrx_word' id='word_1_20' title='bbox 589 879 806 966; x_wconf 88' lang='lat' dir='ltr'>queruntur.</span> <span class='ocrx_word' id='word_1_21' title='bbox 849 871 956 945; x_wconf 88' lang='lat' dir='ltr'>Unde</span> <span class='ocrx_word' id='word_1_22' title='bbox 988 873 1239 970; x_wconf 81' lang='lat' dir='ltr'>correptionis</span> 
     </span>
     <span class='ocr_line' id='line_1_5' title="bbox 127 969 1235 1073; baseline -0.001 -25"><span class='ocrx_word' id='word_1_23' title='bbox 127 978 247 1048; x_wconf 87' lang='lat' dir='ltr'>verba</span> <span class='ocrx_word' id='word_1_24' title='bbox 267 981 396 1044; x_wconf 91' lang='lat' dir='ltr'>contra</span> <span class='ocrx_word' id='word_1_25' title='bbox 415 993 458 1043; x_wconf 89' lang='lat' dir='ltr'>se</span> <span class='ocrx_word' id='word_1_26' title='bbox 476 969 572 1060; x_wconf 88' lang='lat' dir='ltr'>iusta</span> <span class='ocrx_word' id='word_1_27' title='bbox 591 971 842 1068; x_wconf 86' lang='lat' dir='ltr'>proferuntur</span> <span class='ocrx_word' id='word_1_28' title='bbox 868 972 924 1044; x_wconf 89' lang='lat' dir='ltr'>De</span> <span class='ocrx_word' id='word_1_29' title='bbox 939 972 1067 1046; x_wconf 91' lang='lat' dir='ltr'>ordine</span> <span class='ocrx_word' id='word_1_30' title='bbox 1084 998 1235 1073; x_wconf 90' lang='lat' dir='ltr'>quoque</span> 
     </span>
     <span class='ocr_line' id='line_1_6' title="bbox 128 1069 1234 1171; baseline 0 -23"><span class='ocrx_word' id='word_1_31' title='bbox 128 1071 341 1170; x_wconf 89' lang='lat' dir='ltr'>coniugali</span> <span class='ocrx_word' id='word_1_32' title='bbox 367 1069 514 1144; x_wconf 89' lang='lat' dir='ltr'>multi</span> <span class='ocrx_word' id='word_1_33' title='bbox 503 1094 542 1142; x_wconf 87' lang='lat' dir='ltr'>rn</span> <span class='ocrx_word' id='word_1_34' title='bbox 570 1094 638 1144; x_wconf 89' lang='lat' dir='ltr'>sua</span> <span class='ocrx_word' id='word_1_35' title='bbox 666 1074 862 1146; x_wconf 89' lang='lat' dir='ltr'>vocatione</span> <span class='ocrx_word' id='word_1_36' title='bbox 892 1072 1068 1171; x_wconf 83' lang='lat' dir='ltr'>religiosi</span> <span class='ocrx_word' id='word_1_37' title='bbox 1090 1075 1234 1150; x_wconf 89' lang='lat' dir='ltr'>inventi</span> 
     </span>
     <span class='ocr_line' id='line_1_7' title="bbox 126 1171 1234 1286; baseline 0.002 -38"><span class='ocrx_word' id='word_1_38' title='bbox 126 1184 221 1248; x_wconf 88' lang='lat' dir='ltr'>sunt</span> <span class='ocrx_word' id='word_1_39' title='bbox 238 1171 531 1286; x_wconf 86' lang='lat' dir='ltr'>hospitalitatem</span> <span class='ocrx_word' id='word_1_40' title='bbox 559 1183 764 1270; x_wconf 76' lang='lat' dir='ltr'>sectantes,</span> <span class='ocrx_word' id='word_1_41' title='bbox 796 1173 1012 1248; x_wconf 91' lang='lat' dir='ltr'>elemosinis</span> <span class='ocrx_word' id='word_1_42' title='bbox 1038 1187 1234 1274; x_wconf 84' lang='lat' dir='ltr'>vacantes⁷</span> 
     </span>
     <span class='ocr_line' id='line_1_8' title="bbox 125 1272 1231 1373; baseline 0.004 -25"><span class='ocrx_word' id='word_1_43' title='bbox 125 1274 245 1348; x_wconf 89' lang='lat' dir='ltr'>fidem</span> <span class='ocrx_word' id='word_1_44' title='bbox 274 1272 435 1370; x_wconf 88' lang='lat' dir='ltr'>coniugu</span> <span class='ocrx_word' id='word_1_45' title='bbox 464 1285 676 1373; x_wconf 72' lang='lat' dir='ltr'>servantes,</span> <span class='ocrx_word' id='word_1_46' title='bbox 708 1275 866 1348; x_wconf 89' lang='lat' dir='ltr'>orationi</span> <span class='ocrx_word' id='word_1_47' title='bbox 891 1275 1024 1348; x_wconf 89' lang='lat' dir='ltr'>intenti</span> <span class='ocrx_word' id='word_1_48' title='bbox 1049 1286 1086 1349; x_wconf 89' lang='lat' dir='ltr'>et</span> <span class='ocrx_word' id='word_1_49' title='bbox 1105 1288 1231 1352; x_wconf 88' lang='lat' dir='ltr'>cetera</span> 
     </span>
    </p>
   </div>
   <div class='ocr_carea' id='block_1_3' title="bbox 13 1373 1380 1591">
    <p class='ocr_par' dir='ltr' id='par_1_3' title="bbox 13 1373 1380 1576">
     <span class='ocr_line' id='line_1_9' title="bbox 13 1373 628 1473; baseline -0.005 -22"><span class='ocrx_word' id='word_1_50' title='bbox 13 1373 15 1424; x_wconf 76' lang='grc' dir='ltr'>ἶ</span> <span class='ocrx_word' id='word_1_51' title='bbox 128 1375 271 1448; x_wconf 88' lang='lat' dir='ltr'>iustitie</span> <span class='ocrx_word' id='word_1_52' title='bbox 291 1397 405 1473; x_wconf 88' lang='lat' dir='ltr'>opera</span> <span class='ocrx_word' id='word_1_53' title='bbox 429 1373 628 1472; x_wconf 88' lang='lat' dir='ltr'>inplentes.</span> 
     </span>
     <span class='ocr_line' id='line_1_10' title="bbox 206 1475 1380 1591; baseline 0.001 -42"><span class='ocrx_word' id='word_1_54' title='bbox 206 1476 301 1565; x_wconf 81' lang='lat' dir='ltr'>Quid</span> <span class='ocrx_word' id='word_1_55' title='bbox 321 1479 366 1548; x_wconf 91' lang='lat' dir='ltr'>de</span> <span class='ocrx_word' id='word_1_56' title='bbox 385 1475 502 1573; x_wconf 87' lang='lat' dir='ltr'>rege¹</span> <span class='ocrx_word' id='word_1_57' title='bbox 526 1475 694 1591; x_wconf 74' lang='lat' dir='ltr'>dixerim,</span> <span class='ocrx_word' id='word_1_58' title='bbox 723 1502 784 1576; x_wconf 88' lang='lat' dir='ltr'>qur</span> <span class='ocrx_word' id='word_1_59' title='bbox 776 1477 960 1550; x_wconf 89' lang='lat' dir='ltr'>adhuc</span> <span class='ocrx_word' id='word_1_60' title='bbox 951 1503 987 1549; x_wconf 90' lang='lat' dir='ltr'>m</span> <span class='ocrx_word' id='word_1_61' title='bbox 1007 1476 1238 1554; x_wconf 80' lang='lat' dir='ltr'>iuvenilibus</span> <span class='ocrx_word' id='word_1_62' title='bbox 1324 1562 1328 1573; x_wconf 33' lang='grc'>1</span> <span class='ocrx_word' id='word_1_63' title='bbox 1375 1515 1380 1526; x_wconf 92' lang='grc'><em>·</em></span> 
     </span>
    </p>
   </div>
   <div class='ocr_carea' id='block_1_4' title="bbox 119 1577 1274 2584">
    <p class='ocr_par' dir='ltr' id='par_1_4' title="bbox 121 1577 1236 2278">
     <span class='ocr_line' id='line_1_11' title="bbox 124 1577 1231 1676; baseline 0.002 -25"><span class='ocrx_word' id='word_1_64' title='bbox 124 1578 239 1652; x_wconf 90' lang='lat' dir='ltr'>annis</span> <span class='ocrx_word' id='word_1_65' title='bbox 264 1578 301 1649; x_wconf 93' lang='lat' dir='ltr'>in</span> <span class='ocrx_word' id='word_1_66' title='bbox 328 1577 430 1648; x_wconf 91' lang='lat' dir='ltr'>omni</span> <span class='ocrx_word' id='word_1_67' title='bbox 456 1587 540 1648; x_wconf 89' lang='lat' dir='ltr'>actu</span> <span class='ocrx_word' id='word_1_68' title='bbox 569 1602 637 1650; x_wconf 92' lang='lat' dir='ltr'>suo</span> <span class='ocrx_word' id='word_1_69' title='bbox 664 1578 715 1651; x_wconf 91' lang='lat' dir='ltr'>ita</span> <span class='ocrx_word' id='word_1_70' title='bbox 737 1581 971 1676; x_wconf 82' lang='lat' dir='ltr'>grandevum</span> <span class='ocrx_word' id='word_1_71' title='bbox 996 1581 1038 1651; x_wconf 87' lang='lat' dir='ltr'>se</span> <span class='ocrx_word' id='word_1_72' title='bbox 1067 1580 1231 1654; x_wconf 86' lang='lat' dir='ltr'>exhibuit</span> 
     </span>
     <span class='ocr_line' id='line_1_12' title="bbox 123 1677 1229 1777; baseline 0.002 -25"><span class='ocrx_word' id='word_1_73' title='bbox 123 1703 173 1752; x_wconf 92' lang='lat' dir='ltr'>ac</span> <span class='ocrx_word' id='word_1_74' title='bbox 204 1679 235 1752; x_wconf 86' lang='lat' dir='ltr'>si</span> <span class='ocrx_word' id='word_1_75' title='bbox 268 1677 355 1750; x_wconf 89' lang='lat' dir='ltr'>de</span> <span class='ocrx_word' id='word_1_76' title='bbox 345 1677 465 1774; x_wconf 79' lang='lat' dir='ltr'>ipsius</span> <span class='ocrx_word' id='word_1_77' title='bbox 501 1678 685 1774; x_wconf 89' lang='lat' dir='ltr'>gravitate</span> <span class='ocrx_word' id='word_1_78' title='bbox 716 1691 891 1777; x_wconf 87' lang='lat' dir='ltr'>patenter</span> <span class='ocrx_word' id='word_1_79' title='bbox 916 1679 1005 1752; x_wconf 91' lang='lat' dir='ltr'>illud</span> <span class='ocrx_word' id='word_1_80' title='bbox 1037 1679 1229 1776; x_wconf 83' lang='lat' dir='ltr'>Sapientia</span> 
     </span>
     <span class='ocr_line' id='line_1_13' title="bbox 123 1777 1233 1878; baseline 0.003 -26"><span class='ocrx_word' id='word_1_81' title='bbox 123 1780 266 1852; x_wconf 90' lang='lat' dir='ltr'>dictum</span> <span class='ocrx_word' id='word_1_82' title='bbox 297 1777 365 1850; x_wconf 87' lang='lat' dir='ltr'>sit:</span> <span class='ocrx_word' id='word_1_83' title='bbox 404 1777 575 1852; x_wconf 80' lang='lat' dir='ltr'>Senectus</span> <span class='ocrx_word' id='word_1_84' title='bbox 601 1781 894 1872; x_wconf 82' lang='lat' dir='ltr'>uenerabilist</span> <span class='ocrx_word' id='word_1_85' title='bbox 840 1787 910 1874; x_wconf 83' lang='lat' dir='ltr'>est,</span> <span class='ocrx_word' id='word_1_86' title='bbox 936 1805 1010 1854; x_wconf 83' lang='lat' dir='ltr'>non</span> <span class='ocrx_word' id='word_1_87' title='bbox 1041 1779 1122 1852; x_wconf 79' lang='lat' dir='ltr'>diet</span> <span class='ocrx_word' id='word_1_88' title='bbox 1107 1787 1233 1878; x_wconf 85' lang='lat' dir='ltr'>turno</span> 
     </span>
     <span class='ocr_line' id='line_1_14' title="bbox 121 1881 1229 1998; baseline 0.003 -45"><span class='ocrx_word' id='word_1_89' title='bbox 121 1904 239 1978; x_wconf 83' lang='lat' dir='ltr'>neque</span> <span class='ocrx_word' id='word_1_90' title='bbox 269 1902 451 1952; x_wconf 82' lang='lat' dir='ltr'>annorum</span> <span class='ocrx_word' id='word_1_91' title='bbox 483 1903 634 1953; x_wconf 82' lang='lat' dir='ltr'>numero</span> <span class='ocrx_word' id='word_1_92' title='bbox 668 1881 912 1975; x_wconf 69' lang='lat' dir='ltr'>comportarat</span> <span class='ocrx_word' id='word_1_93' title='bbox 965 1881 1156 1998; x_wconf 82' lang='lat' dir='ltr'>Siquidem</span> <span class='ocrx_word' id='word_1_94' title='bbox 1189 1896 1229 1956; x_wconf 91' lang='lat' dir='ltr'>ut</span> 
     </span>
     <span class='ocr_line' id='line_1_15' title="bbox 124 1981 1232 2082; baseline 0.002 -28"><span class='ocrx_word' id='word_1_95' title='bbox 124 1983 212 2054; x_wconf 87' lang='lat' dir='ltr'>talis</span> <span class='ocrx_word' id='word_1_96' title='bbox 232 1981 375 2054; x_wconf 88' lang='lat' dir='ltr'>assolet</span> <span class='ocrx_word' id='word_1_97' title='bbox 399 1990 494 2079; x_wconf 88' lang='lat' dir='ltr'>etas</span> <span class='ocrx_word' id='word_1_98' title='bbox 519 2005 594 2053; x_wconf 94' lang='lat' dir='ltr'>non</span> <span class='ocrx_word' id='word_1_99' title='bbox 612 1983 707 2055; x_wconf 91' lang='lat' dir='ltr'>ludis</span> <span class='ocrx_word' id='word_1_100' title='bbox 728 1993 791 2054; x_wconf 90' lang='lat' dir='ltr'>aut</span> <span class='ocrx_word' id='word_1_101' title='bbox 818 1983 1043 2081; x_wconf 89' lang='lat' dir='ltr'>spectaculis</span> <span class='ocrx_word' id='word_1_102' title='bbox 1063 2008 1105 2058; x_wconf 88' lang='lat' dir='ltr'>se</span> <span class='ocrx_word' id='word_1_103' title='bbox 1124 1983 1232 2082; x_wconf 86' lang='lat' dir='ltr'>inge-</span> 
     </span>
     <span class='ocr_line' id='line_1_16' title="bbox 122 2081 1236 2182; baseline 0.004 -28"><span class='ocrx_word' id='word_1_104' title='bbox 122 2087 247 2178; x_wconf 88' lang='lat' dir='ltr'>rebat</span> <span class='ocrx_word' id='word_1_105' title='bbox 265 2105 339 2154; x_wconf 93' lang='lat' dir='ltr'>non</span> <span class='ocrx_word' id='word_1_106' title='bbox 355 2081 585 2155; x_wconf 87' lang='lat' dir='ltr'>discursibus</span> <span class='ocrx_word' id='word_1_107' title='bbox 600 2094 664 2156; x_wconf 90' lang='lat' dir='ltr'>aut</span> <span class='ocrx_word' id='word_1_108' title='bbox 677 2084 937 2181; x_wconf 87' lang='lat' dir='ltr'>vagationibus</span> <span class='ocrx_word' id='word_1_109' title='bbox 953 2087 1138 2182; x_wconf 73' lang='lat' dir='ltr'>studebat,</span> <span class='ocrx_word' id='word_1_110' title='bbox 1156 2109 1236 2160; x_wconf 87' lang='lat' dir='ltr'>nee·</span> 
     </span>
     <span class='ocr_line' id='line_1_17' title="bbox 121 2181 503 2278; baseline 0 -22"><span class='ocrx_word' id='word_1_111' title='bbox 121 2182 323 2258; x_wconf 87' lang='lat' dir='ltr'>lubricitati</span> <span class='ocrx_word' id='word_1_112' title='bbox 344 2181 503 2278; x_wconf 80' lang='lat' dir='ltr'>dedituS‚</span> 
     </span>
    </p>

    <p class='ocr_par' dir='ltr' id='par_1_5' title="bbox 119 2283 1274 2584">
     <span class='ocr_line' id='line_1_18' title="bbox 253 2283 1274 2382; baseline 0.003 -27"><span class='ocrx_word' id='word_1_113' title='bbox 253 2283 419 2380; x_wconf 85' lang='lat' dir='ltr'>Coniuge</span> <span class='ocrx_word' id='word_1_114' title='bbox 439 2307 524 2356; x_wconf 91' lang='lat' dir='ltr'>cum</span> <span class='ocrx_word' id='word_1_115' title='bbox 545 2295 650 2357; x_wconf 88' lang='lat' dir='ltr'>casta</span> <span class='ocrx_word' id='word_1_116' title='bbox 668 2285 818 2358; x_wconf 86' lang='lat' dir='ltr'>vivebat</span> <span class='ocrx_word' id='word_1_117' title='bbox 842 2283 981 2357; x_wconf 90' lang='lat' dir='ltr'>castior</span> <span class='ocrx_word' id='word_1_118' title='bbox 997 2284 1092 2382; x_wconf 89' lang='lat' dir='ltr'>ipse.</span> <span class='ocrx_word' id='word_1_119' title='bbox 1272 2371 1274 2376; x_wconf 21' lang='lat'><strong><em>¹</em></strong></span> 
     </span>
     <span class='ocr_line' id='line_1_19' title="bbox 119 2384 1232 2483; baseline 0.003 -27"><span class='ocrx_word' id='word_1_120' title='bbox 119 2384 227 2456; x_wconf 91' lang='lat' dir='ltr'>Inter</span> <span class='ocrx_word' id='word_1_121' title='bbox 253 2385 454 2458; x_wconf 89' lang='lat' dir='ltr'>missarum</span> <span class='ocrx_word' id='word_1_122' title='bbox 484 2409 632 2482; x_wconf 90' lang='lat' dir='ltr'>quoque</span> <span class='ocrx_word' id='word_1_123' title='bbox 659 2385 881 2482; x_wconf 88' lang='lat' dir='ltr'>sollempnia</span> <span class='ocrx_word' id='word_1_124' title='bbox 904 2409 996 2482; x_wconf 66' lang='lat' dir='ltr'>non,</span> <span class='ocrx_word' id='word_1_125' title='bbox 1019 2396 1060 2458; x_wconf 91' lang='lat' dir='ltr'>ut</span> <span class='ocrx_word' id='word_1_126' title='bbox 1078 2385 1232 2483; x_wconf 89' lang='lat' dir='ltr'>quibus—</span> 
     </span>
     <span class='ocr_line' id='line_1_20' title="bbox 120 2485 1225 2584; baseline 0.004 -27"><span class='ocrx_word' id='word_1_127' title='bbox 120 2487 212 2557; x_wconf 92' lang='lat' dir='ltr'>dam</span> <span class='ocrx_word' id='word_1_128' title='bbox 241 2485 356 2558; x_wconf 90' lang='lat' dir='ltr'>moris</span> <span class='ocrx_word' id='word_1_129' title='bbox 384 2496 464 2582; x_wconf 76' lang='lat' dir='ltr'>est,</span> <span class='ocrx_word' id='word_1_130' title='bbox 490 2485 809 2559; x_wconf 89' lang='lat' dir='ltr'>susurrationibus</span> <span class='ocrx_word' id='word_1_131' title='bbox 837 2496 900 2558; x_wconf 92' lang='lat' dir='ltr'>aut</span> <span class='ocrx_word' id='word_1_132' title='bbox 926 2485 1225 2584; x_wconf 89' lang='lat' dir='ltr'>placitationibus</span> 
     </span>
    </p>
   </div>
   <div class='ocr_carea' id='block_1_5' title="bbox 13 2585 1227 2685">
    <p class='ocr_par' dir='ltr' id='par_1_6' title="bbox 13 2585 1227 2685">
     <span class='ocr_line' id='line_1_21' title="bbox 13 2585 1227 2685; baseline 0.004 -28"><span class='ocrx_word' id='word_1_133' title='bbox 13 2643 14 2646; x_wconf 63' lang='lat'>,</span> <span class='ocrx_word' id='word_1_134' title='bbox 120 2585 354 2682; x_wconf 78' lang='lat' dir='ltr'>intendebat,</span> <span class='ocrx_word' id='word_1_135' title='bbox 381 2588 448 2658; x_wconf 90' lang='lat' dir='ltr'>sed</span> <span class='ocrx_word' id='word_1_136' title='bbox 467 2587 615 2660; x_wconf 85' lang='lat' dir='ltr'>codices</span> <span class='ocrx_word' id='word_1_137' title='bbox 635 2587 867 2685; x_wconf 89' lang='lat' dir='ltr'>psalmorum</span> <span class='ocrx_word' id='word_1_138' title='bbox 887 2598 951 2659; x_wconf 92' lang='lat' dir='ltr'>aut</span> <span class='ocrx_word' id='word_1_139' title='bbox 969 2587 1125 2660; x_wconf 92' lang='lat' dir='ltr'>aliarum</span> <span class='ocrx_word' id='word_1_140' title='bbox 1145 2613 1227 2662; x_wconf 90' lang='lat' dir='ltr'>ora·</span> 
     </span>
    </p>
   </div>
   <div class='ocr_carea' id='block_1_6' title="bbox 42 2687 1232 4281">
    <p class='ocr_par' dir='ltr' id='par_1_7' title="bbox 42 2687 1232 4200">
     <span class='ocr_line' id='line_1_22' title="bbox 118 2687 1232 2786; baseline 0.004 -28"><span class='ocrx_word' id='word_1_141' title='bbox 118 2687 267 2758; x_wconf 85' lang='lat' dir='ltr'>tionum</span> <span class='ocrx_word' id='word_1_142' title='bbox 286 2688 431 2761; x_wconf 90' lang='lat' dir='ltr'>habens</span> <span class='ocrx_word' id='word_1_143' title='bbox 450 2711 518 2786; x_wconf 91' lang='lat' dir='ltr'>pre</span> <span class='ocrx_word' id='word_1_144' title='bbox 537 2687 666 2784; x_wconf 64' lang='lat' dir='ltr'>oculis,</span> <span class='ocrx_word' id='word_1_145' title='bbox 686 2687 843 2761; x_wconf 89' lang='lat' dir='ltr'>orationi</span> <span class='ocrx_word' id='word_1_146' title='bbox 861 2690 1017 2762; x_wconf 89' lang='lat' dir='ltr'>devotus</span> <span class='ocrx_word' id='word_1_147' title='bbox 1035 2689 1232 2763; x_wconf 76' lang='lat' dir='ltr'>incumbe-</span> 
     </span>
     <span class='ocr_line' id='line_1_23' title="bbox 121 2788 1228 2936; baseline 0.005 -76"><span class='ocrx_word' id='word_1_148' title='bbox 121 2791 199 2864; x_wconf 88' lang='lat' dir='ltr'>bat</span> <span class='ocrx_word' id='word_1_149' title='bbox 235 2789 282 2861; x_wconf 87' lang='lat' dir='ltr'>Et</span> <span class='ocrx_word' id='word_1_150' title='bbox 300 2788 386 2936; x_wconf 88' lang='lat' dir='ltr'>quia</span> <span class='ocrx_word' id='word_1_151' title='bbox 404 2789 588 2888; x_wconf 88' lang='lat' dir='ltr'>sapientie</span> <span class='ocrx_word' id='word_1_152' title='bbox 608 2789 767 2886; x_wconf 71' lang='lat' dir='ltr'>adhesit,</span> <span class='ocrx_word' id='word_1_153' title='bbox 787 2813 859 2887; x_wconf 90' lang='lat' dir='ltr'>que</span> <span class='ocrx_word' id='word_1_154' title='bbox 875 2789 980 2863; x_wconf 88' lang='lat' dir='ltr'>dicit:</span> <span class='ocrx_word' id='word_1_155' title='bbox 1012 2790 1080 2862; x_wconf 85' lang='lat' dir='ltr'>Per</span> <span class='ocrx_word' id='word_1_156' title='bbox 1097 2815 1153 2864; x_wconf 85' lang='lat' dir='ltr'>me</span> <span class='ocrx_word' id='word_1_157' title='bbox 1170 2815 1228 2865; x_wconf 85' lang='lat' dir='ltr'>re·</span> 
     </span>
     <span class='ocr_line' id='line_1_24' title="bbox 118 2888 1227 2988; baseline 0.004 -27"><span class='ocrx_word' id='word_1_158' title='bbox 118 2912 185 2984; x_wconf 77' lang='lat' dir='ltr'>pes</span> <span class='ocrx_word' id='word_1_159' title='bbox 203 2888 390 2986; x_wconf 73' lang='lat' dir='ltr'>repetunt³&gt;</span> <span class='ocrx_word' id='word_1_160' title='bbox 409 2891 491 2964; x_wconf 91' lang='lat' dir='ltr'>ideo</span> <span class='ocrx_word' id='word_1_161' title='bbox 506 2891 689 2965; x_wconf 90' lang='lat' dir='ltr'>Dominus</span> <span class='ocrx_word' id='word_1_162' title='bbox 704 2915 863 2988; x_wconf 92' lang='lat' dir='ltr'>regnum</span> <span class='ocrx_word' id='word_1_163' title='bbox 878 2890 975 2977; x_wconf 88' lang='lat' dir='ltr'>illius</span> <span class='ocrx_word' id='word_1_164' title='bbox 991 2890 1165 2988; x_wconf 86' lang='lat' dir='ltr'>firmavit</span> <span class='ocrx_word' id='word_1_165' title='bbox 1184 2903 1227 2966; x_wconf 91' lang='lat' dir='ltr'>ut</span> 
     </span>
     <span class='ocr_line' id='line_1_25' title="bbox 88 2992 1231 3090; baseline 0.003 -28"><span class='ocrx_word' id='word_1_166' title='bbox 88 2993 89 2996; x_wconf 69' lang='grc'>’</span> <span class='ocrx_word' id='word_1_167' title='bbox 120 3013 210 3063; x_wconf 88' lang='lat' dir='ltr'>cum</span> <span class='ocrx_word' id='word_1_168' title='bbox 234 3001 405 3089; x_wconf 91' lang='lat' dir='ltr'>tempore</span> <span class='ocrx_word' id='word_1_169' title='bbox 432 3016 587 3064; x_wconf 91' lang='lat' dir='ltr'>avorum</span> <span class='ocrx_word' id='word_1_170' title='bbox 616 3017 769 3065; x_wconf 90' lang='lat' dir='ltr'>suorum</span> <span class='ocrx_word' id='word_1_171' title='bbox 795 2992 832 3063; x_wconf 90' lang='lat' dir='ltr'>in</span> <span class='ocrx_word' id='word_1_172' title='bbox 859 3017 977 3090; x_wconf 88' lang='lat' dir='ltr'>regno</span> <span class='ocrx_word' id='word_1_173' title='bbox 996 2993 1137 3066; x_wconf 90' lang='lat' dir='ltr'>Danico</span> <span class='ocrx_word' id='word_1_174' title='bbox 1160 2993 1231 3065; x_wconf 89' lang='lat' dir='ltr'>tri·-</span> 
     </span>
     <span class='ocr_line' id='line_1_26' title="bbox 119 3091 1225 3206; baseline 0.003 -43"><span class='ocrx_word' id='word_1_175' title='bbox 119 3091 237 3164; x_wconf 91' lang='lat' dir='ltr'>arche</span> <span class='ocrx_word' id='word_1_176' title='bbox 256 3092 326 3164; x_wconf 90' lang='lat' dir='ltr'>vel</span> <span class='ocrx_word' id='word_1_177' title='bbox 343 3092 456 3164; x_wconf 89' lang='lat' dir='ltr'>etiam</span> <span class='ocrx_word' id='word_1_178' title='bbox 480 3094 668 3166; x_wconf 87' lang='lat' dir='ltr'>tetrarohe</span> <span class='ocrx_word' id='word_1_179' title='bbox 686 3092 873 3189; x_wconf 47' lang='lat' dir='ltr'>fuerintf</span> <span class='ocrx_word' id='word_1_180' title='bbox 862 3118 945 3206; x_wconf 80' lang='lat' dir='ltr'>ipse</span> <span class='ocrx_word' id='word_1_181' title='bbox 965 3093 1225 3166; x_wconf 86' lang='lat' dir='ltr'>monarchiam</span> 
     </span>
     <span class='ocr_line' id='line_1_27' title="bbox 42 3192 1232 3292; baseline 0.003 -27"><span class='ocrx_word' id='word_1_182' title='bbox 42 3275 47 3288; x_wconf 35' lang='grc' dir='ltr'>Ι</span> <span class='ocrx_word' id='word_1_183' title='bbox 120 3192 228 3266; x_wconf 90' lang='lat' dir='ltr'>solus</span> <span class='ocrx_word' id='word_1_184' title='bbox 256 3203 420 3290; x_wconf 80' lang='lat' dir='ltr'>regeret,</span> <span class='ocrx_word' id='word_1_185' title='bbox 447 3218 559 3290; x_wconf 90' lang='lat' dir='ltr'>quam</span> <span class='ocrx_word' id='word_1_186' title='bbox 587 3205 714 3266; x_wconf 88' lang='lat' dir='ltr'>tamen</span> <span class='ocrx_word' id='word_1_187' title='bbox 733 3204 842 3292; x_wconf 90' lang='lat' dir='ltr'>pater</span> <span class='ocrx_word' id='word_1_188' title='bbox 860 3195 940 3267; x_wconf 89' lang='lat' dir='ltr'>eius</span> <span class='ocrx_word' id='word_1_189' title='bbox 960 3194 1076 3266; x_wconf 93' lang='lat' dir='ltr'>multo</span> <span class='ocrx_word' id='word_1_190' title='bbox 1095 3194 1232 3268; x_wconf 88' lang='lat' dir='ltr'>labore-</span> 
     </span>
     <span class='ocr_line' id='line_1_28' title="bbox 120 3294 1223 3393; baseline 0.004 -27"><span class='ocrx_word' id='word_1_191' title='bbox 120 3303 160 3366; x_wconf 88' lang='lat' dir='ltr'>et</span> <span class='ocrx_word' id='word_1_192' title='bbox 175 3294 372 3391; x_wconf 88' lang='lat' dir='ltr'>prudentia</span> <span class='ocrx_word' id='word_1_193' title='bbox 387 3294 606 3375; x_wconf 84' lang='lat' dir='ltr'>obtinuerat.</span> <span class='ocrx_word' id='word_1_194' title='bbox 624 3295 794 3367; x_wconf 90' lang='lat' dir='ltr'>Kanutus</span> <span class='ocrx_word' id='word_1_195' title='bbox 811 3319 901 3393; x_wconf 88' lang='lat' dir='ltr'>ergo</span> <span class='ocrx_word' id='word_1_196' title='bbox 915 3295 1070 3366; x_wconf 91' lang='lat' dir='ltr'>multam</span> <span class='ocrx_word' id='word_1_197' title='bbox 1089 3319 1223 3392; x_wconf 88' lang='lat' dir='ltr'>pacem</span> 
     </span>
     <span class='ocr_line' id='line_1_29' title="bbox 119 3393 1222 3493; baseline 0.004 -27"><span class='ocrx_word' id='word_1_198' title='bbox 119 3393 268 3467; x_wconf 92' lang='lat' dir='ltr'>habens</span> <span class='ocrx_word' id='word_1_199' title='bbox 293 3395 329 3466; x_wconf 91' lang='lat' dir='ltr'>in</span> <span class='ocrx_word' id='word_1_200' title='bbox 355 3419 472 3492; x_wconf 88' lang='lat' dir='ltr'>regno</span> <span class='ocrx_word' id='word_1_201' title='bbox 498 3417 587 3492; x_wconf 74' lang='lat' dir='ltr'>suo,</span> <span class='ocrx_word' id='word_1_202' title='bbox 612 3395 887 3492; x_wconf 77' lang='lat' dir='ltr'>animadvertit,</span> <span class='ocrx_word' id='word_1_203' title='bbox 912 3399 1006 3493; x_wconf 93' lang='lat' dir='ltr'>quod</span> <span class='ocrx_word' id='word_1_204' title='bbox 1032 3395 1156 3470; x_wconf 91' lang='lat' dir='ltr'>Sclavi</span> <span class='ocrx_word' id='word_1_205' title='bbox 1183 3396 1222 3470; x_wconf 90' lang='lat' dir='ltr'>in</span> 
     </span>
     <span class='ocr_line' id='line_1_30' title="bbox 122 3494 1222 3594; baseline 0.005 -28"><span class='ocrx_word' id='word_1_206' title='bbox 122 3494 254 3568; x_wconf 90' lang='lat' dir='ltr'>diebus</span> <span class='ocrx_word' id='word_1_207' title='bbox 273 3506 420 3594; x_wconf 73' lang='lat' dir='ltr'>patrum</span> <span class='ocrx_word' id='word_1_208' title='bbox 448 3521 603 3588; x_wconf 89' lang='lat' dir='ltr'>suorum</span> <span class='ocrx_word' id='word_1_209' title='bbox 625 3497 762 3570; x_wconf 88' lang='lat' dir='ltr'>multas</span> <span class='ocrx_word' id='word_1_210' title='bbox 783 3496 1016 3570; x_wconf 87' lang='lat' dir='ltr'>calamitates</span> <span class='ocrx_word' id='word_1_211' title='bbox 1034 3507 1134 3571; x_wconf 87' lang='lat' dir='ltr'>terre</span> <span class='ocrx_word' id='word_1_212' title='bbox 1154 3521 1222 3571; x_wconf 90' lang='lat' dir='ltr'>sue</span> 
     </span>
     <span class='ocr_line' id='line_1_31' title="bbox 122 3595 1231 3672; baseline 0.006 -7"><span class='ocrx_word' id='word_1_213' title='bbox 122 3595 347 3670; x_wconf 89' lang='lat' dir='ltr'>intulissent.</span> <span class='ocrx_word' id='word_1_214' title='bbox 393 3597 528 3672; x_wconf 90' lang='lat' dir='ltr'>Videns</span> <span class='ocrx_word' id='word_1_215' title='bbox 555 3598 668 3671; x_wconf 93' lang='lat' dir='ltr'>etiam</span> <span class='ocrx_word' id='word_1_216' title='bbox 695 3623 761 3672; x_wconf 88' lang='lat' dir='ltr'>eos</span> <span class='ocrx_word' id='word_1_217' title='bbox 781 3598 916 3672; x_wconf 85' lang='lat' dir='ltr'>auxilio</span> <span class='ocrx_word' id='word_1_218' title='bbox 935 3598 1098 3672; x_wconf 89' lang='lat' dir='ltr'>Heinrici</span> <span class='ocrx_word' id='word_1_219' title='bbox 1117 3599 1231 3672; x_wconf 83' lang='lat' dir='ltr'>ducis·</span> 
     </span>
     <span class='ocr_line' id='line_1_32' title="bbox 122 3697 1227 3797; baseline 0.004 -30"><span class='ocrx_word' id='word_1_220' title='bbox 122 3697 336 3794; x_wconf 78' lang='lat' dir='ltr'>destitutos,</span> <span class='ocrx_word' id='word_1_221' title='bbox 355 3699 416 3797; x_wconf 89' lang='lat' dir='ltr'>qui</span> <span class='ocrx_word' id='word_1_222' title='bbox 436 3699 542 3772; x_wconf 86' lang='lat' dir='ltr'>freno</span> <span class='ocrx_word' id='word_1_223' title='bbox 561 3699 713 3772; x_wconf 91' lang='lat' dir='ltr'>dominii</span> <span class='ocrx_word' id='word_1_224' title='bbox 732 3700 789 3772; x_wconf 92' lang='lat' dir='ltr'>sui</span> <span class='ocrx_word' id='word_1_225' title='bbox 804 3699 976 3774; x_wconf 89' lang='lat' dir='ltr'>maxillas</span> <span class='ocrx_word' id='word_1_226' title='bbox 992 3724 1120 3774; x_wconf 91' lang='lat' dir='ltr'>eorum</span> <span class='ocrx_word' id='word_1_227' title='bbox 1136 3724 1227 3772; x_wconf 85' lang='lat' dir='ltr'>oon·</span> 
     </span>
     <span class='ocr_line' id='line_1_33' title="bbox 123 3797 1221 3899; baseline 0.005 -31"><span class='ocrx_word' id='word_1_228' title='bbox 123 3797 343 3895; x_wconf 85' lang='lat' dir='ltr'>strinxerat</span> <span class='ocrx_word' id='word_1_229' title='bbox 376 3811 553 3899; x_wconf 90' lang='lat' dir='ltr'>suscepta</span> <span class='ocrx_word' id='word_1_230' title='bbox 580 3803 762 3874; x_wconf 90' lang='lat' dir='ltr'>adversus</span> <span class='ocrx_word' id='word_1_231' title='bbox 787 3825 853 3875; x_wconf 89' lang='lat' dir='ltr'>eos</span> <span class='ocrx_word' id='word_1_232' title='bbox 879 3801 1097 3897; x_wconf 80' lang='lat' dir='ltr'>occasione,</span> <span class='ocrx_word' id='word_1_233' title='bbox 1123 3801 1221 3874; x_wconf 93' lang='lat' dir='ltr'>bello</span> 
     </span>
     <span class='ocr_line' id='line_1_34' title="bbox 123 3902 1221 3999; baseline 0.007 -31"><span class='ocrx_word' id='word_1_234' title='bbox 123 3920 189 3971; x_wconf 90' lang='lat' dir='ltr'>eos</span> <span class='ocrx_word' id='word_1_235' title='bbox 209 3923 416 3998; x_wconf 88' lang='lat' dir='ltr'>aggressus</span> <span class='ocrx_word' id='word_1_236' title='bbox 437 3913 506 3974; x_wconf 90' lang='lat' dir='ltr'>est.</span> <span class='ocrx_word' id='word_1_237' title='bbox 541 3903 678 3978; x_wconf 86' lang='lat' dir='ltr'>Contra</span> <span class='ocrx_word' id='word_1_238' title='bbox 698 3927 791 3999; x_wconf 91' lang='lat' dir='ltr'>quos</span> <span class='ocrx_word' id='word_1_239' title='bbox 809 3913 936 3984; x_wconf 90' lang='lat' dir='ltr'>tamen</span> <span class='ocrx_word' id='word_1_240' title='bbox 958 3902 1112 3976; x_wconf 92' lang='lat' dir='ltr'>consilio</span> <span class='ocrx_word' id='word_1_241' title='bbox 1129 3927 1221 3976; x_wconf 89' lang='lat' dir='ltr'>usus</span> 
     </span>
     <span class='ocr_line' id='line_1_35' title="bbox 119 3999 1232 4102; baseline 0.006 -33"><span class='ocrx_word' id='word_1_242' title='bbox 119 3999 318 4074; x_wconf 85' lang='lat' dir='ltr'>Absalonis</span> <span class='ocrx_word' id='word_1_243' title='bbox 338 4001 624 4102; x_wconf 77' lang='lat' dir='ltr'>archiepiscopi,</span> <span class='ocrx_word' id='word_1_244' title='bbox 647 4003 842 4101; x_wconf 91' lang='lat' dir='ltr'>prudentia</span> <span class='ocrx_word' id='word_1_245' title='bbox 869 4003 991 4101; x_wconf 88' lang='lat' dir='ltr'>magis</span> <span class='ocrx_word' id='word_1_246' title='bbox 1006 4027 1118 4102; x_wconf 93' lang='lat' dir='ltr'>quam</span> <span class='ocrx_word' id='word_1_247' title='bbox 1137 4003 1232 4076; x_wconf 91' lang='lat' dir='ltr'>viri-</span> 
     </span>
     <span class='ocr_line' id='line_1_36' title="bbox 120 4099 442 4200; baseline 0.013 -30"><span class='ocrx_word' id='word_1_248' title='bbox 120 4099 189 4182; x_wconf 91' lang='lat' dir='ltr'>bus</span> <span class='ocrx_word' id='word_1_249' title='bbox 214 4101 442 4200; x_wconf 89' lang='lat' dir='ltr'>prevalebat.</span> 
     </span>
    </p>

    <p class='ocr_par' dir='ltr' id='par_1_8' title="bbox 74 4201 1230 4281">
     <span class='ocr_line' id='line_1_37' title="bbox 74 4201 1230 4281; baseline 0 -3"><span class='ocrx_word' id='word_1_250' title='bbox 74 4243 78 4249; x_wconf 96' lang='lat'>·</span> <span class='ocrx_word' id='word_1_251' title='bbox 196 4205 229 4278; x_wconf 87' lang='grc'><strong>6</strong></span> <span class='ocrx_word' id='word_1_252' title='bbox 256 4201 310 4275; x_wconf 86' lang='lat' dir='ltr'>De</span> <span class='ocrx_word' id='word_1_253' title='bbox 328 4202 499 4276; x_wconf 86' lang='lat' dir='ltr'>Conrado</span> <span class='ocrx_word' id='word_1_254' title='bbox 519 4203 639 4278; x_wconf 84' lang='lat' dir='ltr'>electo.</span> <span class='ocrx_word' id='word_1_255' title='bbox 676 4206 823 4278; x_wconf 88' lang='lat' dir='ltr'>loterea</span> <span class='ocrx_word' id='word_1_256' title='bbox 843 4215 969 4278; x_wconf 87' lang='lat' dir='ltr'>autern</span> <span class='ocrx_word' id='word_1_257' title='bbox 984 4209 1141 4281; x_wconf 90' lang='lat' dir='ltr'>vacabat</span> <span class='ocrx_word' id='word_1_258' title='bbox 1161 4230 1230 4278; x_wconf 87' lang='lat' dir='ltr'>se·-</span> 
     </span>
    </p>
   </div>
   <div class='ocr_carea' id='block_1_7' title="bbox 123 4351 1010 4434">
    <p class='ocr_par' dir='ltr' id='par_1_9' title="bbox 123 4351 1010 4434">
     <span class='ocr_line' id='line_1_38' title="bbox 123 4351 1010 4434; baseline 0.01 -29"><span class='ocrx_word' id='word_1_259' title='bbox 123 4351 147 4424; x_wconf 89' lang='lat' dir='ltr'>l)</span> <span class='ocrx_word' id='word_1_260' title='bbox 167 4355 286 4411; x_wconf 87' lang='lat' dir='ltr'>Kanuto.</span> <span class='ocrx_word' id='word_1_261' title='bbox 359 4357 387 4432; x_wconf 80' lang='lat'>2)</span> <span class='ocrx_word' id='word_1_262' title='bbox 407 4357 559 4430; x_wconf 83' lang='lat' dir='ltr'>Sapientiae</span> <span class='ocrx_word' id='word_1_263' title='bbox 578 4360 604 4426; x_wconf 87' lang='lat'>5,</span> <span class='ocrx_word' id='word_1_264' title='bbox 623 4359 649 4414; x_wconf 89' lang='grc'>8.</span> <span class='ocrx_word' id='word_1_265' title='bbox 725 4360 752 4434; x_wconf 81' lang='lat'>3)</span> <span class='ocrx_word' id='word_1_266' title='bbox 770 4359 899 4416; x_wconf 78' lang='lat' dir='ltr'>Proverb.</span> <span class='ocrx_word' id='word_1_267' title='bbox 919 4358 945 4428; x_wconf 89' lang='grc'>6,</span> <span class='ocrx_word' id='word_1_268' title='bbox 967 4359 1010 4414; x_wconf 86' lang='grc'>15.</span> 
     </span>
    </p>
   </div>
   <div class='ocr_carea' id='block_1_8' title="bbox 0 0 1562 5014">
    <p class='ocr_par' dir='ltr' id='par_1_10' title="bbox 0 0 1562 5014">
     <span class='ocr_line' id='line_1_39' title="bbox 0 0 1562 5014; baseline 0 5"><span class='ocrx_word' id='word_1_269' title='bbox 0 0 1562 5014; x_wconf 95' lang='lat' dir='ltr'> </span> 
     </span>
    </p>
   </div>
  </div>
 </body>
</html>
