3116 5014
198 445 413 522 anuotm
438 446 684 524 canonica
710 431 978 524 stavonum'.
1011 384 1102 534 trs,
1121 451 1147 524 1.
1200 453 1247 526 aa

141 647 397 749 pontificalem
425 673 510 721 cum
538 650 681 722 honore
700 651 883 726 deductus
902 649 1056 732 Lubeke
1076 661 1114 724 et
1133 653 1337 724 devo-11⁷³.

141 749 288 846 tissime
309 760 510 846 susceptus
530 775 551 821 a
567 751 668 823 clero
689 759 727 822 et
741 753 787 823 ab
802 749 905 824 omni
920 751 1073 848 populo.
1099 749 1187 824 lnde
1206 752 1244 824 in

141 850 336 924 nativitate
357 849 456 939 beati
474 850 651 927 lobannis
672 849 835 947 baptiste
851 861 1030 947 presente
1049 855 1143 926 (luce
1159 875 1245 924 eon·
1352 912 1356 916 ,

140 961 313 1024 serratus
344 961 403 1022 est
429 973 451 1022 a
478 953 615 1022 domno
644 951 801 1024 Walone
829 950 1128 1047 Havelbergensi
1161 963 1243 1025 eta

4 1107 5 1110 ,
138 1055 278 1124 domno
304 1051 511 1122 Evermodo
540 1051 845 1147 Racesburgensi
873 1061 911 1124 et
937 1075 958 1124 a
986 1054 1124 1125 domno
1154 1051 1243 1125 Ber-

4 1193 6 1220 :
139 1177 240 1224 none
255 1150 488 1246 Zverinensi7
509 1160 547 1222 et
565 1151 761 1224 inventum
780 1161 839 1223 est
857 1151 892 1222 in
914 1161 1016 1224 textu
1037 1151 1239 1249 euangelii⁷

139 1255 236 1350 quod
253 1275 367 1348 super
381 1251 557 1348 scapulas
573 1251 692 1349 ipsius
707 1255 917 1348 tenebatun
936 1251 973 1323 in
990 1252 1111 1326 fronte
1129 1253 1239 1326 unius

138 1353 297 1450 pagine:
315 1351 409 1426 Ecce
418 1351 628 1446 evangelizo
643 1351 745 1424 uobis
753 1351 933 1447 gaudium
942 1375 1128 1447 maguum,
1139 1352 1241 1449 quod
1351 1396 1357 1407 -

134 1455 208 1526 crit
223 1454 322 1525 omui
334 1451 476 1545 populo
487 1450 513 1546 1,
530 1463 566 1524 et
584 1453 621 1524 in
641 1453 762 1524 fronte
782 1453 956 1526 alterius:
995 1453 1053 1524 Vir
1071 1456 1187 1525 iustus
1206 1460 1242 1525 et

135 1555 332 1626 timoratus
372 1557 584 1645 easpectous
615 1551 904 1630 consolationem
942 1553 1101 1648 teratu,
1141 1556 1238 1650 quod

4 1731 5 1738 χ
137 1654 221 1752 quia
249 1656 294 1727 de
321 1654 446 1724 futura
464 1652 582 1751 ipsius
604 1653 892 1725 conversatione
912 1653 1086 1726 divinitus
1114 1663 1239 1726 osten-

135 1779 220 1826 sum
259 1753 326 1849 sit,
358 1753 450 1826 satis
483 1753 730 1826 animadverti
765 1763 900 1851 potest.
949 1753 1237 1850 Denique'cum

5 1941 6 1944 Ἴ
134 1853 263 1927 multis
292 1853 493 1926 aDomino
521 1853 723 1950 insignitus
749 1854 862 1926 suerit
887 1853 1006 1950 donis,
1035 1853 1236 1952 specialius

133 1967 264 2028 tamen
294 1954 332 2026 in
358 1979 402 2026 eo
422 1953 569 2026 refulsit
589 1954 746 2027 scientia
765 1953 935 2026 litteralis
956 1979 1041 2026 cum
1063 1953 1237 2028 facundia

133 2055 334 2129 sermonis.
366 2056 411 2127 Et
425 2078 511 2126 cum
525 2053 583 2126 his
602 2053 772 2152 plerique
789 2063 1064 2128 evanescentes
1079 2053 1116 2125 in
1137 2053 1237 2151 cogi-

131 2155 336 2228 tationibus
365 2155 443 2228 suis
465 2155 586 2252 magis
611 2159 656 2227 ad
677 2155 931 2252 arrogantiam
952 2165 1103 2227 utantur
1122 2179 1236 2252 quarn
1319 2160 1321 2163 ’
1360 2229 1365 2240 ,

83 2271 86 2276 “
134 2259 180 2330 ad
209 2254 505 2348 edificationem,
530 2257 612 2354 ipse
640 2265 768 2328 tamen
796 2255 834 2327 in
864 2251 996 2328 eadem
1024 2251 1236 2326 liumilitate

132 2357 357 2456 permansit,
377 2380 532 2453 semper
550 2359 707 2428 devotus
722 2357 801 2428 Deo
823 2366 860 2428 et
878 2353 1153 2452 gloriosissime
1172 2377 1237 2449 ge·

134 2455 256 2530 nitrici
284 2456 364 2529 eius
392 2456 429 2527 in
449 2456 610 2551 ieiuniis
638 2456 675 2527 in
694 2455 845 2552 vigitiis,
867 2455 903 2526 in
923 2453 1173 2549 abstinentiis,
1198 2453 1237 2524 in

134 2557 379 2652 orationibus
407 2555 443 2627 in
472 2555 765 2629 elemosinarum
792 2556 980 2652 largitate³
1003 2555 1060 2626 ita
1086 2563 1126 2624 ut
1146 2577 1235 2626 vere

133 2661 181 2731 de
208 2659 290 2756 ipso
316 2658 439 2729 dicere
459 2656 669 2754 possimus:
713 2656 772 2729 Vir
797 2659 914 2728 iustus
932 2663 968 2727 ct
983 2657 1180 2727 timoratus
1199 2664 1237 2726 et

4 2839 5 2842 Ἴ
135 2769 273 2831 cetera.
305 2758 345 2829 ln
365 2756 621 2855 predicatione
637 2767 762 2830 autern
781 2757 885 2830 verbi
898 2756 967 2828 Dei
988 2757 1038 2828 ita
1054 2753 1237 2850 singulari

133 2860 297 2957 quadam
321 2858 559 2955 prerogativa
580 2857 760 2954 fulgebat7
783 2867 823 2930 ut
845 2880 958 2929 nemo
975 2865 1053 2929 tam
1067 2854 1237 2928 'saxeum
1289 2905 1291 2910 ,

133 2969 267 3058 pectus
299 2960 479 3054 haberet,
513 2957 600 3056 quin
625 2960 670 3030 ad
697 2957 778 3031 eius
804 2955 1022 3030 dulcissima
1046 2959 1161 3028 verba
1190 2957 1237 3027 ad
1281 3024 1283 3028 .

133 3058 466 3158 compunctionem
499 3059 562 3130 vel
593 3058 705 3131 etiam
739 3061 785 3130 ad
810 3057 987 3130 lacrimas
1013 3057 1238 3158 traheretur.

134 3161 230 3233 Nam
246 3159 539 3258 profundissime
557 3158 826 3256 scripturarum
842 3157 892 3230 ita
907 3155 1139 3255 planissimis
1154 3179 1237 3226 ver-

87 3288 91 3294 ·
132 3261 191 3334 bis
213 3262 434 3358 exponendo
454 3258 689 3356 dilucidabat‚
716 3269 757 3330 ut
780 3258 965 3330 occultam
986 3279 1117 3330 earum
1137 3253 1238 3327 simi-

135 3361 304 3458 laginem
324 3363 370 3432 de
385 3360 542 3432 internis
558 3359 766 3432 visceribus
783 3358 937 3432 eliciens
954 3379 1088 3429 omnes
1104 3353 1239 3428 dulcis-

135 3462 233 3535 simo
257 3485 356 3559 pane
378 3460 481 3532 verbi
500 3459 569 3533 Dei
587 3457 774 3556 reticeret,
802 3459 853 3532 ita
871 3467 912 3530 ut
930 3457 1108 3555 gaudium
1136 3454 1239 3527 omni

135 3562 275 3661 populo
295 3585 371 3634 non
392 3561 580 3634 modicum
600 3560 742 3634 mellita
762 3560 842 3633 eius
862 3559 1029 3633 doctrina
1048 3557 1202 3630 feceret.

212 3661 290 3734 Nec
314 3661 504 3749 tediosum
532 3661 581 3734 sit
598 3661 747 3734 karitati
773 3669 900 3734 vestre
921 3658 1061 3754 audire,
1090 3655 1176 3754 quid
1195 3655 1241 3726 de

137 3762 367 3835 beatitudine
398 3761 518 3860 ipsius
551 3761 729 3835 simulet
759 3765 806 3860 de
833 3758 934 3833 fideli
962 3757 1127 3831 doctrina
1160 3753 1242 3826 eius

138 3863 364 3960 quibusdam
389 3865 493 3936 Deus
513 3861 749 3935 revelaverit.
791 3861 963 3948 Quodam
985 3871 1158 3954 tempore
1179 3875 1244 3925 ne·

141 3962 254 4060 gotiis
275 3963 511 4060 exigentibus
527 3961 698 4035 transivit
713 3961 958 4058 Thuringiam
978 3969 1015 4032 et
1029 3951 1245 4054 hospitandi

140 4066 266 4160 gratia
293 4063 442 4138 divertit
469 4066 514 4136 ad
542 4063 668 4136 locum
696 4064 902 4160 quendam,
933 4059 995 4156 qui
1026 4053 1246 4132 Ohterekis·

132 4163 290 4262 ·husen3
305 4164 447 4238 dicitur.
475 4163 553 4236 Illic
568 4163 855 4261 religiosissime
871 4159 1011 4232 femine
1027 4161 1097 4231 sub
1112 4155 1246 4252 regula

142 4298 166 4368 1)
187 4299 275 4355 Lucas
295 4301 330 4367 ll,
354 4302 396 4354 10.
497 4299 524 4371 2)
544 4299 613 4354 lbid.
633 4298 679 4353 25.
780 4297 806 4368 3)
826 4294 1033 4442 chtershausgn
1052 4290 1247 4347 monasterium
