3116 5014
183 467 391 543 nanuum
417 443 656 542 canoniea
683 466 948 540 smvonun.
991 465 1077 540 uin.
1096 467 1136 538 n.
1189 470 1236 542 57

139 672 310 766 proximo
336 669 503 755 conflictu
530 672 692 762 cupieos
709 667 814 740 nobis
831 691 905 742 non
923 668 1091 742 reddidit.
1133 668 1330 742 Nnncnso.

144 778 265 846 autem
283 773 457 866 coartioos7
476 793 567 866 qnos
584 769 700 864 babet,
720 767 863 865 reddat,
882 793 927 842 ne
944 770 1009 843 ulii
1027 773 1103 843 eins
1121 794 1238 843 enem-

138 873 203 970 plo
222 895 310 945 snos
328 873 438 946 etiam
456 869 648 944 detineant.
676 871 846 944 Habebat
864 880 990 944 autem
1005 882 1094 945 tunc
1109 867 1255 946 comes'

12 1047 13 1050 ,
141 974 297 1048 Adolfus
325 996 408 1044 cum
437 971 572 1044 comite
600 975 646 1045 de
677 970 813 1045 Dasle¹
843 982 880 1045 et
908 995 993 1044 cum
1019 973 1101 1046 aliis
1126 972 1238 1046 sociis

145 1075 315 1173 captivos
334 1072 503 1170 insignes
523 1073 762 1172 septuaginta
782 1075 887 1146 duos.
922 1073 987 1147 Cui
1005 1074 1162 1147 Adolfus
1182 1097 1241 1146 oo·

143 1200 247 1250 mes:
283 1173 441 1271 Domne,
468 1176 659 1270 nonnitis,
685 1174 756 1270 ait.
781 1199 837 1248 me
863 1177 900 1247 in
922 1174 994 1248 leae
1018 1173 1241 1269 expeditione
1309 1195 1313 1202 ·

144 1278 269 1352 omniu
296 1298 377 1348 meo
405 1277 690 1371 consumpsisse,
724 1299 835 1372 equos
860 1275 1033 1374 militum,
1067 1279 1241 1350 runcinus

11 1379 13 1468 ζ
141 1399 330 1451 servortnn
356 1378 566 1450 innumeros
584 1374 807 1472 perdidisse,
840 1384 876 1450 et
899 1400 995 1450 none
1020 1380 1053 1450 si
1078 1381 1241 1472 captivos

142 1477 245 1552 vobis
273 1475 480 1573 reddidero,
507 1477 616 1551 nichil
631 1484 804 1575 superest,
831 1480 902 1552 nisi
918 1476 1082 1573 nipedes
1100 1477 1152 1549 od
1176 1476 1241 1550 do·

143 1602 243 1651 raum
261 1601 379 1651 rneurn
396 1585 568 1652 revertur.
598 1580 641 1652 Et
659 1579 730 1652 hiis
749 1578 855 1652 dictis
876 1578 989 1652 exivit
1003 1605 1023 1652 a
1038 1589 1242 1678 conspectu

143 1679 268 1776 tucis,
302 1690 339 1752 et
370 1680 509 1754 obortis
536 1679 701 1754 lacrimis
730 1691 958 1778 conquestus
987 1690 1047 1754 est
1070 1679 1242 1754 omnibus

11 1865 14 1874 y
143 1779 275 1854 amicis
304 1779 395 1877 suis⁷
422 1793 582 1880 quantas
610 1781 857 1855 aGunzelino
883 1781 1020 1855 comite
1043 1785 1242 1855 verborum

146 1881 380 1980 calumpnias
399 1907 537 1981 passus
554 1882 678 1977 fuerit,
689 1893 726 1955 et
742 1885 837 1980 quod
853 1882 931 1956 suis
947 1881 1243 1956 cavillationibus

145 2006 232 2056 eum
252 1983 336 2056 duci
355 1995 576 2082 suspectum
595 1983 805 2056 reddiderit.
850 1986 937 2058 Post
959 1985 1044 2081 bec,
1073 2007 1157 2056 cum
1177 1983 1244 2054 im·

144 2093 292 2182 petrata
305 2083 456 2157 licentia
471 2085 637 2180 abiisset,
657 2109 742 2157 cum
758 2085 840 2158 aliis
858 2085 1042 2159 nobilibus
1058 2085 1243 2157 alienatus

77 2186 80 2190 ’
147 2195 209 2258 est
233 2188 278 2258 ab
304 2209 369 2284 eo,
397 2196 435 2258 et
459 2186 644 2258 infirmata
673 2197 843 2284 estpars
871 2186 976 2259 ducis
1005 2196 1158 2284 propter
1183 2186 1245 2256 de·

147 2285 348 2358 lectionem
368 2311 507 2360 eorum.
548 2288 630 2360 Dux
657 2297 843 2360 autemut
865 2286 1053 2384 cognovit,
1080 2285 1165 2383 quia
1184 2287 1247 2380 de·

146 2386 303 2479 fecisset
328 2391 374 2460 ab
400 2413 459 2484 eo⁷
487 2389 685 2486 occupavit
708 2411 861 2460 omnem
879 2397 1019 2460 terram
1040 2386 1121 2459 eius
1141 2397 1245 2458 trane

11 2543 12 2546 ,
146 2487 292 2562 Albium
318 2489 606 2588 etexpugnavit
632 2499 795 2562 castrum
821 2489 948 2583 Plune7
977 2499 1014 2562 et
1032 2487 1162 2570 eiectis
1181 2487 1247 2558 ho·

148 2588 309 2663 minibus
347 2592 425 2664 suis
457 2589 652 2663 collocavit
675 2589 750 2662 illic
776 2590 1009 2662 Marcradum
1035 2589 1246 2688 prefectum
1335 2607 1344 2628 ⁴

148 2691 421 2766 Holzatorum2.
465 2693 638 2768 Castrum
669 2701 794 2764 autem
814 2691 1021 2789 sigeberge
1041 2689 1126 2788 quia
1145 2689 1247 2762 inex·

149 2791 352 2891 pugnabile
380 2803 480 2890 erat·7
513 2792 654 2867 diutina
678 2792 766 2882 illud
792 2792 986 2866 obsidione
1008 2793 1248 2890 expugnabat

149 2917 219 2992 per
235 2893 468 2966 Bernardum
484 2895 658 2968 comitem
674 2896 720 2967 de
735 2895 989 2990 Raoesburch,
1008 2894 1106 2992 quod
1127 2901 1248 2964 mater

150 2993 317 3092 comitis,
362 2998 498 3068 domna
539 2995 795 3091 machamatis,
832 3005 1050 3069 constanter
1083 2996 1248 3066 tenebat.

148 3095 345 3169 Exsiccata
360 3105 485 3170 autem
506 3097 683 3192 cisterna⁷
708 3095 880 3168 sitierunt
897 3096 935 3168 hi
955 3095 1071 3194 quiin
1092 3093 1247 3167 castello

151 3207 278 3295 erant,
308 3208 346 3270 et
372 3202 527 3272 arebant
550 3198 681 3271 fauces
709 3219 840 3270 eorum
859 3208 1014 3295 propter
1038 3194 1248 3269 siccitatem

124 3327 127 3333 ·
151 3297 256 3395 sitis,
280 3309 317 3372 et
341 3298 570 3396 necessitate
602 3297 787 3395 compulsi
812 3301 881 3372 sub
909 3296 1119 3370 conditione
1142 3293 1247 3394 pacis

152 3409 317 3472 castrum
346 3402 538 3474 dederunt.
582 3399 626 3472 Et
648 3397 806 3498 prefecit
833 3397 888 3471 eis
914 3399 986 3471 (lux
1013 3397 1248 3496 Luppoldum

127 3503 360 3598 quendam,
391 3502 543 3575 natione
573 3501 779 3594 flavorum,
811 3499 932 3573 virum
959 3502 1182 3598 prudentem
1211 3505 1249 3568 et

153 3612 388 3675 strennuum.
427 3605 574 3676 Dumna
602 3625 692 3674 vero
715 3600 924 3674 machtildis
950 3625 1034 3674 oum
1059 3599 1137 3673 suis
1161 3596 1250 3670 abiit

152 3706 415 3802 Scowenburg.
456 3705 568 3777 Porro
594 3719 723 3776 comes
742 3703 895 3776 Adolfus
915 3726 1000 3776 cum
1020 3701 1098 3775 suis
1117 3697 1249 3772 amicis

155 3813 194 3876 ot
211 3805 381 3903 cognatis
408 3815 573 3880 castrum
597 3801 793 3877 Honroth³
817 3803 1011 3900 destruxit,
1038 3803 1135 3900 quod
1155 3823 1176 3872 e
1194 3821 1251 3872 re·

154 3905 267 4003 gione
293 3906 406 3980 castri
432 3904 513 3980 sui⁴
531 3906 625 3978 ultra
644 3905 832 3980 Wiseram
852 3907 1044 3982 Conradus
1065 3905 1110 3976 de
1130 3901 1250 4008 Rotlie

152 4006 402 4081 edificaverat.

157 4189 182 4260 1)
201 4191 312 4247 Adolto.
403 4192 430 4262 2)
449 4189 615 4255 Marorados,
639 4189 775 4245 overbodo
793 4188 976 4255 Holsttormn,
1001 4187 1159 4242 occurrite.
1179 4205 1204 4257 g.
1224 4185 1253 4239 in
1278 4245 1286 4266 ἱ

15 4267 16 4272 ’
155 4264 247 4319 charta
270 4263 391 4318 Heinrloi
411 4265 486 4319 ducis
505 4284 528 4319 a.
551 4265 628 4320 1170.
647 4263 841 4335 Melrleoburg.
854 4262 884 4319 U.
901 4261 933 4318 B.
946 4261 966 4327 l,
986 4281 1011 4316 o.
1022 4260 1066 4316 96.
1141 4261 1169 4328 3)
1190 4259 1253 4313 tlo-

156 4337 277 4392 benrotle
296 4339 368 4391 iuxta
384 4336 504 4394 Rinteln.
578 4338 605 4412 4)
626 4336 831 4409 Sobauenburg.
