3116 5014
314 458 363 531 28
413 451 622 531 ARNOLDI
649 451 888 531 CHRONICA
916 453 1182 530 SLAVORUM.
1226 451 1313 527 LiB.
1332 453 1358 526 1.

223 669 302 736 1172.
314 663 425 730 estote
443 659 697 754 puratipquiu
721 663 807 729 tunc
831 655 1000 730 dominus
1022 680 1125 730 meuc
1151 656 1262 730 ecidit
1276 653 1327 728 ud
1344 679 1411 728 voe

313 781 395 830 eum
416 765 542 852 tyrone
558 780 639 854 suo,
666 757 910 852 completurus
927 781 1021 854 quoe
1039 757 1140 831 dicit.
1186 759 1252 831 His
1272 757 1407 830 auditis

312 859 433 957 gavisi
451 869 539 933 sunt
556 882 704 954 omnes,
721 869 759 931 et
778 859 1037 957 unusquisque
1056 860 1151 932 ultro
1168 884 1210 933 se
1225 858 1409 932 offerebat

311 964 356 1033 ad
375 961 448 1034 hoc
475 960 666 1058 singulare
685 971 892 1056 certamen,
913 985 979 1058 pro
998 960 1067 1034 Dei
1085 961 1228 1033 honore
1248 963 1408 1032 subeun-

313 1064 412 1135 dum.
449 1063 531 1135 Dux
546 1071 672 1134 autem
688 1071 775 1133 ante
795 1085 928 1134 omnes
949 1064 993 1133 ad
1012 1061 1151 1136 bellum
1172 1085 1214 1135 se
1233 1085 1409 1160 prepara·
1488 1081 1503 1105 ⁴

312 1167 389 1258 bat,
414 1165 480 1235 sed
508 1187 581 1234 non
610 1162 907 1260 permittebatur,
933 1163 1017 1260 quia
1045 1163 1123 1252 iam
1146 1163 1253 1261 quasi
1280 1161 1409 1260 gravis

313 1273 413 1336 etate
434 1274 471 1336 et
489 1264 694 1336 exhaustus
714 1273 795 1336 erat
813 1273 851 1336 et
864 1263 1016 1360 gibbum
1035 1263 1073 1336 in
1088 1267 1199 1359 dorso
1213 1263 1409 1336 habebat1.

312 1365 537 1461 ingerebant
565 1364 678 1438 etiam
703 1388 745 1437 se
772 1364 990 1464 pontificos7
1019 1376 1056 1438 et
1083 1375 1261 1464 quotquot
1291 1374 1411 1460 erant,

312 1465 416 1538 dives
432 1476 470 1538 et
484 1469 639 1564 pauper,
653 1489 720 1564 pro
738 1466 882 1538 honore
901 1465 970 1539 Dei
989 1477 1053 1538 aut
1067 1467 1218 1540 vincere
1238 1465 1411 1538 autmari

224 1590 226 1595 ·
312 1577 466 1665 paratus
488 1579 577 1640 erat.
623 1567 834 1640 Procedens
861 1577 987 1639 autem
1009 1567 1172 1666 quidam,
1201 1568 1262 1666 qui
1281 1567 1408 1662 Drogo

314 1668 541 1764 dicebatur²
566 1669 872 1785 consanguineus
899 1668 1016 1786 ducis7
1043 1669 1140 1742 tilius
1166 1667 1306 1742 sororis
1326 1691 1408 1766 sue

315 1769 404 1841 dixit
428 1769 479 1857 ei:
514 1724 608 1842 iicce
633 1776 690 1842 tot
710 1771 817 1842 annis
842 1770 972 1842 servivi
994 1769 1104 1842 tibie
1106 1769 1252 1844 tnicbil
1275 1769 1410 1842 emotu-

314 1873 424 1942 menti
450 1893 475 1941 u
498 1876 531 1942 te
558 1873 736 1967 requisivi.
784 1867 1001 1942 Iustumt
946 1877 1009 1965 est,
1034 1871 1245 1946 uttundem
1270 1871 1410 1944 loboris

316 1973 386 2044 mei
411 1974 573 2058 fructum
597 1973 781 2088 recipiam
825 1971 908 2043 Hoc
934 1995 1019 2067 erpo
1048 1971 1209 2045 duellum
1221 1997 1293 2068 pro
1312 1977 1411 2046 omui

316 2075 424 2144 seruit
424 2075 473 2167 io,
496 2095 567 2169 quo
584 2075 713 2145 servivi
707 2071 805 2167 ute,
824 2071 1076 2146 devotissimus
1094 2077 1281 2168 excipiam.
1314 2075 1409 2162 Quid

314 2173 446 2271 plura?
478 2173 619 2246 Placuit
636 2174 719 2246 duci
739 2173 886 2246 devotio
907 2174 995 2270 viri7
1022 2175 1270 2274 omnibusque
1293 2177 1412 2248 accla-

316 2275 504 2348 mantibus
529 2274 644 2346 armis
664 2274 902 2372 procingitur.
947 2277 1039 2349 Cum
1063 2279 1297 2373 procederet,
1322 2277 1411 2350 dixit

318 2379 408 2448 dux:
434 2375 532 2448 Deus
550 2379 612 2472 qui
630 2375 809 2448 benedicit
819 2379 921 2470 putri
936 2384 1062 2449 nostro
1081 2375 1234 2474 Acrone,
1251 2379 1361 2450 isone
1379 2386 1415 2451 et
1544 2401 1546 2536 q

315 2477 449 2571 Iacob5
484 2477 582 2549 Deus
600 2479 661 2573 qui
677 2500 746 2569 per
762 2500 912 2549 monum
926 2477 1045 2572 Moysi
1066 2478 1279 2552 transducit
1294 2503 1412 2596 popu-³

318 2577 393 2650 turn
417 2595 524 2649 suum
537 2601 605 2671 per
623 2577 813 2673 desertum
840 2581 1004 2672 operiens
1026 2580 1111 2652 bost
1095 2587 1146 2652 tes
1172 2605 1298 2654 eorum
1315 2583 1411 2652 muri
1543 2541 1546 2642 i

317 2677 444 2774 rubro,
471 2681 532 2774 qui
556 2681 664 2750 etium
685 2703 753 2772 per
775 2679 912 2751 Iosue
897 2685 951 2751 mt
937 2679 1104 2752 troducit
1088 2687 1186 2752 teos
1211 2685 1249 2754 in
1274 2689 1411 2753 terrum

319 2779 508 2897 Chunoun,
527 2783 690 2852 contritis
706 2779 869 2852 bosdbus
886 2771 953 2852 sub
968 2779 1126 2874 pedibus
1138 2805 1287 2854 eorum·
1272 2837 1285 2876 ,
1311 2780 1410 2854 Deus

318 2903 380 2979 qur
374 2879 499 2954 dedit
515 2876 672 2954 Gedeoni
686 2887 769 2954 cont
770 2905 814 2954 ru
828 2883 994 2954 inimicos
1012 2880 1198 3054 fiduciam,
1214 2881 1411 2976 Semproni

317 2981 579 3078 fortitudinem,
602 2981 723 3054 Iudith
743 2981 787 3054 dc
808 2988 965 3076 tyrorum
986 2985 1042 3056 nic
1044 2985 1200 3077 torium‚·
1226 2983 1324 3056 Deus
1350 2987 1411 3081 qui

318 3081 486 3157 liberauit
504 3083 691 3157 Danielem
715 3082 759 3156 de
785 3082 869 3154 lucu
895 3082 1051 3178 leonum,
1077 3082 1199 3156 David
1222 3083 1266 3156 de
1281 3083 1410 3180 plodio

316 3183 492 3281 mutiqno,
515 3184 670 3278 Heiyum
694 3183 738 3256 de
757 3187 1005 3278 persecutione
1025 3183 1210 3280 Ihezobel5
1240 3185 1339 3258 Deus
1358 3189 1411 3258 in·
1461 3248 1466 3254 .

318 3309 429 3383 quom
450 3287 511 3382 qui
533 3285 648 3374 filium
661 3309 768 3358 suum
786 3284 928 3360 mesum
944 3284 1123 3358 Christum
1140 3290 1241 3359 misit
1258 3290 1295 3360 in
1316 3286 1411 3359 bunc

319 3385 495 3459 mundum
520 3386 670 3459 humani
685 3389 825 3481 pencris
842 3385 1114 3482 redemptorem,
1141 3391 1203 3484 qui
1215 3412 1284 3481 per
1301 3391 1410 3460 victo·

317 3489 412 3559 rium
427 3495 550 3561 cuncte
564 3489 681 3560 erucis
695 3485 883 3559 diabolum
896 3487 1027 3559 devicit
1038 3494 1074 3560 et
1084 3511 1176 3560 vesu
1190 3490 1411 3582 captivitatis

319 3591 396 3661 cius
414 3587 574 3684 diripuit,
593 3591 654 3686 qui
672 3587 849 3682 apostolis
866 3591 943 3660 suis
957 3587 1138 3660 benedicit
1151 3595 1186 3660 et
1196 3613 1263 3682 per
1277 3587 1411 3661 doctri·

318 3713 405 3763 nom
423 3713 548 3762 eorum
571 3696 741 3762 sunctum
764 3688 951 3760 ecclesium
968 3689 1197 3786 illuminarit,
1224 3693 1286 3787 qui
1303 3693 1411 3763 etium

313 3815 382 3886 per
400 3815 461 3864 eos
478 3791 583 3863 nobie
602 3789 709 3861 dicit:
735 3787 939 3886 „Quicquid
951 3793 1125 3884 petieritie
1136 3791 1283 3864 Putrem
1296 3794 1333 3865 in
1346 3816 1411 3865 no-

317 3894 412 3965 mine
428 3917 520 3990 meo,
547 3889 816 3985 dubitoobie“;
841 3915 910 3984 pro
936 3893 1039 3964 cuius
1063 3895 1207 3966 nomine
1233 3900 1269 3966 et
1285 3917 1411 3966 umore

320 4047 344 4118 1)
365 4047 417 4102 Hic
437 4045 613 4102 Godesridum
635 4047 668 4100 de
687 4038 806 4100 Buliion
816 4065 877 4100 cum
897 4043 1046 4102 Godefrido
1065 4065 1112 4102 seu
1133 4047 1268 4103 Gozelone
1281 4047 1410 4113 Gibboso,

319 4124 387 4175 duce
406 4114 842 4190 botharingtaea.1070-107tt,
861 4121 967 4175 misceri
986 4131 1105 4194 apparet.
1205 4121 1233 4192 2)
1253 4121 1326 4175 inter
1344 4139 1411 4175 cru-

317 4196 477 4264 cesignatos,
498 4197 542 4264 qui
562 4194 625 4248 huic
645 4195 806 4265 expeditioni
827 4194 969 4258 affuerunt,
989 4191 1411 4266 nominanturDrogodeNeelle

318 4279 344 4322 et
363 4267 455 4337 Drogo
474 4269 508 4319 de
526 4265 626 4338 Moncy
651 4269 683 4320 ab
703 4266 815 4322 Atberto
834 4267 954 4339 Aquensi
980 4268 998 4321 Ι.
1021 4269 1054 4324 ΙΙ.
1075 4287 1097 4324 c
1120 4267 1194 4340 tsq.
1214 4277 1294 4340 atque
1317 4265 1410 4321 Orde-

316 4343 373 4395 rico
394 4339 473 4394 Vintt
493 4339 511 4394 l.
530 4338 581 4395 IX.
