3116 5014
162 423 371 546 aruouni
396 468 637 545 curomcn
662 468 928 544 servorun.
979 471 1064 552 nic.
1091 471 1149 546 iu.
1202 477 1249 546 ra

49 678 52 681 ’
141 675 262 764 sides,
281 696 375 771 quos
395 673 536 746 habere
555 669 749 764 voluisset,
769 673 910 744 darent.
946 673 1138 747 Dederunt
1157 697 1247 772 ergo

141 775 297 852 obsides
322 773 454 870 viginti
480 781 659 870 quatuor.
685 771 783 844 inter
807 795 901 870 quos
920 773 1107 848 Burvinus
1130 773 1248 848 lilium

141 901 256 951 suum
284 875 405 971 dedit
432 883 470 947 et
496 871 656 946 recessit
680 897 702 946 a
729 883 853 946 castro
880 874 1069 972 Rostoch
1095 881 1247 951 tradens

144 979 233 1052 illud
261 975 401 1075 nepoti.
445 975 531 1072 lpse
566 997 656 1048 vero
683 974 810 1048 Ylowe
836 985 874 1048 et
873 975 1219 1090 Michelenburg
1210 1001 1247 1050 m

143 1077 430 1194 possessionem
459 1075 612 1149 sortitus
637 1085 709 1170 est
734 1099 825 1173 rege
851 1075 905 1150 sic
923 1076 1159 1192 disponente,
1186 1079 1247 1177 qui

143 1182 221 1254 iam
239 1189 380 1252 terram
399 1175 620 1250 Sclavorum
641 1129 709 1250 sibi
729 1177 901 1250 subicere
908 1177 1110 1276 cogitabat
1129 1183 1231 1254 etad

143 1281 247 1354 icere
265 1302 384 1376 regno
404 1301 484 1351 suo.

220 1385 254 1458 5.
280 1379 334 1452 De
354 1377 540 1452 honestate
556 1377 759 1452 Dacorum.
812 1379 1003 1478 Siquidem
1022 1380 1117 1454 Dani
1136 1405 1247 1455 usum

12 1555 13 1560 ,
139 1481 432 1554 Teutonioorum
460 1478 670 1578 imitantes,
698 1504 810 1578 quem
837 1504 883 1553 ex
909 1481 1023 1578 longa
1059 1482 1246 1556 cohabita·

141 1583 244 1656 tione
264 1605 392 1655 eorum
417 1579 636 1678 didicerunt,
669 1592 706 1654 et
725 1581 906 1655 vestitura
930 1593 968 1654 et
994 1593 1183 1656 armatura
1203 1607 1245 1658 se

140 1683 280 1756 ceteris
311 1681 524 1756 nationibus
558 1692 752 1782 coaptantq
787 1693 935 1756 etcum
962 1683 1051 1756 olim
1083 1685 1244 1758 formam

142 1795 341 1858 nautarum
362 1782 401 1856 in
419 1782 558 1857 vestitu
575 1783 799 1857 habuissent
814 1795 971 1882 propter
987 1785 1138 1859 navium
1158 1811 1245 1859 con·

141 1883 395 1980 suetudinem7
421 1884 506 1982 quia
526 1884 713 1958 maritima
732 1885 953 1983 inhabitant,
973 1910 1072 1959 nunc
1090 1911 1165 1959 non
1185 1913 1245 1962 so·

140 1987 218 2059 lum
246 1986 445 2080 scarletto>
473 1985 595 2084 vario,
620 1985 749 2084 grisio,
779 1990 846 2060 sed
875 1987 987 2060 etiam
1014 2013 1179 2086 purpura
1207 2000 1245 2062 et

141 2088 243 2162 bisso
277 2087 490 2161 induuntur.
541 2087 723 2162 Omnibus
756 2087 856 2160 enim
882 2087 1018 2161 divitiis
1055 2093 1245 2164 abundant

141 2199 296 2287 propter
314 2187 576 2304 piscationem,
604 2213 677 2301 que
703 2189 902 2287 quotannis
930 2189 967 2260 in
987 2189 1123 2262 Soania
1138 2215 1244 2264 exer·

141 2299 268 2386 cetur
301 2293 346 2362 ad
380 2294 494 2388 quain
518 2289 685 2361 omnium
721 2289 1012 2386 circumquaque
1048 2291 1243 2364 nationum

140 2345 398 2489 negotiatores
425 2399 673 2504 properantes
700 2415 833 2462 aurum
854 2401 891 2462 et
909 2401 1107 2487 argentum
1128 2403 1165 2464 et
1183 2415 1243 2465 ce·

139 2502 223 2564 tera
242 2515 389 2590 queque
417 2491 589 2588 preciosa
617 2491 704 2563 illuc
730 2491 924 2586 deferunt,¹
950 2501 986 2562 et
1014 2494 1240 2592 comparatis
1363 2507 1367 2517 “

139 2593 334 2666 halecibus
352 2616 497 2706 eorum,
512 2616 584 2690 que
601 2591 654 2664 illi
671 2591 789 2690 gratis
808 2615 854 2664 ex
873 2545 996 2664 dilina
1014 2592 1154 2667 habent
1169 2595 1242 2666 lar·

140 2695 270 2792 gnate,
288 2693 395 2792 quasi
409 2718 477 2808 pro
495 2693 558 2768 vili
577 2695 738 2808 quodam
758 2693 984 2766 commercio
1005 2719 1073 2768 sua
1087 2696 1242 2794 optima,
1296 2749 1298 2754 ,

141 2820 410 2893 nonnunquam
430 2795 543 2868 etiam
563 2819 605 2868 se
622 2794 726 2893 ipsos
742 2795 1003 2910 naufragando
1016 2797 1240 2910 relinquunt.

12 2939 21 2956 ·
139 2896 297 2995 Repleta
317 2907 377 2970 est
394 2896 506 2969 etiam
524 2905 626 2968 terra
645 2919 776 2968 eorum
794 2895 900 2994 equis
918 2895 1067 2995 optimis
1090 2909 1243 2997 propter

59 3048 62 3053 -
139 3021 283 3112 pascua
310 3007 410 3070 terre
437 2996 636 3071 uberrima.
675 2998 781 3071 Unde
799 3007 953 3096 propter
972 3022 1154 3096 equorum
1182 3024 1242 3073 co

139 3099 241 3197 piam
269 3097 307 3170 in
335 3098 483 3172 militari
512 3098 675 3196 palestra
708 3122 751 3170 se
779 3098 1028 3172 exercitantes
1038 3102 1243 3198 equestri

140 3223 269 3298 pugna
293 3198 407 3272 simul
435 3209 472 3272 et
498 3198 622 3272 navali
647 3199 862 3296 gloriantur.
906 3153 1070 3272 Scientia
1093 3225 1261 3298 quoque¹

138 3299 290 3374 litterali
308 3323 383 3372 non
402 3325 535 3399 parum
553 3300 806 3398 profecerunt,
825 3299 911 3397 quia
924 3300 1126 3374 nobiliores
1142 3313 1241 3376 terre

139 3401 238 3474 filios
257 3425 346 3474 suos
375 3426 450 3474 non
470 3401 592 3474 solum
612 3403 657 3474 ad
678 3400 820 3473 clerum
840 3406 1151 3500 promovendqu
1179 3428 1241 3478 ve·

137 3527 224 3576 rum
251 3502 363 3576 eliam
391 3503 622 3576 secularibus
650 3505 762 3576 rebus
794 3501 1043 3577 instituendos
1076 3505 1240 3580 Parisios
1312 3511 1316 3522 ’

12 3611 13 3618 ³
140 3604 299 3678 mittunt.
352 3604 420 3678 Ubi
450 3603 658 3678 litteratura
693 3603 806 3676 simul
837 3614 875 3676 et
904 3603 1079 3678 idiomate
1112 3605 1241 3720 lingue

139 3715 240 3776 terre
258 3704 355 3778 illius
374 3704 520 3803 imbuti
539 3729 614 3778 non
629 3705 776 3779 solum
766 3730 803 3777 m
819 3705 972 3802 artibus,
992 3709 1058 3780 sed
1075 3709 1187 3780 etiam
1203 3708 1240 3780 in

137 3806 331 3903 theologia
346 3806 505 3879 multum
521 3806 769 3880 invaluerunt.
801 3805 992 3904 Siquidem
1011 3819 1165 3908 propter
1178 3833 1242 3882 na·
1315 3817 1318 3825 “

138 3907 301 3980 turalem
319 3907 447 4005 lingue
468 3908 700 3982 celeritatem
718 3931 792 3982 non
812 3909 963 3982 solum
953 3933 990 3981 m
1006 3912 1240 4026 argumentis

137 4007 344 4082 dialecticis
364 4009 520 4083 subtiles
539 4007 792 4108 inveniuntur,
812 4012 878 4082 sed
898 4009 1010 4083 etiam
1026 4009 1064 4082 in
1078 4013 1240 4109 negotiis

139 4109 408 4193 ecclesiasticis
434 4111 637 4184 tractandis
662 4111 748 4184 boni
775 4111 975 4184 decretiste
1002 4111 1083 4185 sive
1104 4113 1241 4212 legiste

12 4219 13 4226 ’
137 4214 441 4310 comprobantur.

216 4311 392 4388 Preterea
407 4311 598 4410 religionis
613 4312 721 4412 vigor
735 4318 833 4414 apud
849 4338 915 4390 eos
931 4315 1089 4390 multum
1103 4315 1240 4392 llorere
