3116 5014
313 449 360 529 aa
414 405 622 538 nrhouor
651 445 892 522 cuaourcn
920 445 1186 524 servorun.
1222 443 1310 518 un.
1333 443 1357 516 1.

221 648 437 733 trra.rabitis
448 647 476 746 ¹,
509 647 635 744 mulis,
665 647 815 745 quidam
844 647 958 722 etiam
985 647 1116 744 asinis,
1140 653 1411 746 processerunt

311 753 357 824 ad
378 753 508 824 urbem
531 749 883 845 ierosolimitanam,
910 758 947 822 et
967 757 1212 822 occurrerunt
1230 747 1285 820 eis
1300 747 1410 819 Tem·

310 851 418 951 plarii
444 862 482 924 et
500 849 739 948 Hospitalarii
759 873 845 924 cum
868 849 1001 947 grandi
1020 849 1212 947 comitatu,
1241 859 1278 920 et
1295 849 1410 920 hone-

312 951 478 1028 stissime
512 950 764 1052 suscipientes
797 953 932 1048 ducem
963 951 1148 1028 duxerunt
1173 950 1208 1022 in
1240 958 1409 1024 sanctam

313 1053 524 1150 civitatem,
553 1062 590 1126 et
614 1062 900 1152 susceptusest
923 1076 944 1124 a
967 1051 1068 1124 clero
1089 1075 1174 1124 cum
1197 1050 1347 1146 hymnis
1374 1059 1412 1122 et

311 1154 482 1228 laudibus
504 1153 584 1228 Dei.
619 1152 761 1254 Optulit
779 1163 906 1247 autem
934 1155 1008 1228 dux
1025 1155 1071 1226 ad
1090 1163 1264 1226 sanctum
1290 1150 1412 1249 sepul-

314 1280 418 1330 erum
439 1253 638 1353 pecuniam
659 1253 830 1352 multam,
850 1265 888 1328 et
905 1253 1098 1328 basilicam
1117 1252 1156 1328 in
1176 1278 1248 1352 qua
1266 1253 1411 1350 lignum

311 1355 461 1430 Domini
484 1355 693 1454 repositum
716 1366 777 1430 est
794 1354 940 1429 ornavit
958 1355 1106 1428 musivo
1126 1377 1241 1456 opere
1261 1365 1299 1426 et
1316 1351 1413 1430 ostia

314 1457 483 1532 eiusdem
506 1455 659 1533 basilice
682 1456 833 1532 vestivit
851 1467 1010 1556 argento
1037 1455 1251 1556 purissimo.
1289 1455 1413 1554 Depu-

312 1559 405 1633 tavit
430 1559 543 1632 etiam
563 1557 704 1632 reditus
733 1581 878 1632 annuos
907 1561 952 1632 ad
973 1581 1104 1631 cereos
1126 1558 1414 1656 comparandos,

313 1659 451 1758 iugiter
469 1661 515 1732 ad
535 1669 708 1732 sanctum
728 1659 945 1758 sepulcrum
964 1683 1117 1734 arsuros
1127 1657 1154 1734 ².
1190 1655 1414 1756 Templariis

315 1783 463 1860 quoque
483 1770 520 1833 et
537 1759 799 1857 Hospitalariis
826 1759 927 1834 dedit
953 1762 1049 1833 dona
1069 1770 1106 1835 et
1130 1784 1235 1834 arma
1255 1757 1413 1856 plurima

315 1871 353 1936 et
381 1859 482 1934 mille
509 1883 657 1934 marcas
686 1859 833 1958 argenti
852 1863 897 1935 ad
918 1863 1170 1960 comparanda
1189 1859 1317 1960 predia
1337 1857 1414 1958 qui·

313 1963 383 2042 bus
403 1971 556 2056 tyrones
576 1971 776 2034 teneantur
794 1972 965 2060 tempore
985 1961 1081 2037 belli.
1107 1960 1212 2036 Rex³
1230 1973 1357 2034 autem
1377 1959 1414 2032 in

315 2066 425 2137 domu
459 2061 609 2161 propria
634 2062 723 2136 fecit
747 2061 782 2134 ei
806 2087 890 2136 cum
918 2063 996 2137 suis
1021 2061 1232 2137 convivium
1261 2085 1329 2160 per
1355 2059 1416 2132 tri·

315 2167 441 2238 duum.
476 2162 641 2236 Visitatis
656 2163 769 2260 igitur
790 2163 963 2238 omnibus
983 2165 1074 2238 loeis
1096 2163 1237 2238 sanctis
1258 2167 1294 2234 in
1316 2163 1417 2236 losa·

315 2267 420 2366 phat,
444 2263 480 2336 iu
508 2273 637 2337 monte
663 2263 813 2362 Oliveti,
839 2265 878 2338 in
896 2265 1135 2362 Bethlehem,
1162 2265 1199 2338 in
1218 2263 1416 2362 Nazareth,

315 2366 404 2442 abiit
423 2368 469 2440 ad
488 2363 699 2464 Iordanem,
722 2367 991 2442 deducentibus
1015 2363 1103 2442 eum
1122 2363 1360 2464 TemplariiS,
1379 2373 1417 2436 et

315 2469 403 2542 inde
423 2466 593 2539 aseendit
613 2466 894 2554 Quarentenam
909 2465 934 2542 ⁴.
978 2469 1068 2542 lllue
1087 2467 1199 2542 etiam
1219 2464 1416 2540 Heinricus

316 2571 433 2642 abbas
453 2591 539 2639 eum
557 2565 775 2642 difficultate
795 2592 934 2665 magna
953 2569 1136 2666 ascendit,
1155 2569 1241 2668 quia
1261 2589 1417 2665 corpore

318 2669 526 2742 exhaustus
553 2678 651 2766 erat,
678 2669 874 2742 celebrans
893 2668 942 2742 ibi
965 2669 1099 2742 divina.
1137 2669 1219 2757 Que
1239 2670 1352 2742 etiam
1372 2669 1416 2742 ad

318 2767 445 2843 omnia
463 2767 524 2840 illa
544 2768 627 2842 loca
646 2779 777 2843 sancta
797 2767 1042 2844 devotissime
1057 2769 1261 2844 celebravit
1279 2773 1325 2842 cb
1340 2791 1419 2840 me·

318 2869 478 2944 moriam
497 2869 647 2944 Domini
666 2869 785 2944 nostri
803 2871 890 2944 lesu
909 2870 1059 2968 Christi,
1085 2894 1198 2969 quam
1218 2867 1419 2968 corporali·

317 2984 376 3046 ter
401 2969 450 3044 ibi
483 2969 715 3070 exhibuerat,
741 2981 779 3044 et
802 2970 1078 3069 gloriosissime
1104 2971 1296 3069 genitricis
1325 2969 1419 3068 eiuS,

319 3072 378 3148 cui
399 3070 512 3146 etiarn
531 3071 569 3146 in
589 3072 691 3146 omni
715 3071 1021 3170 peregrinatione
1044 3073 1107 3146 illa
1131 3072 1249 3146 cilicio
1269 3074 1419 3145 indutus

319 3171 587 3250 devotissimus
619 3173 749 3269 extitit,
776 3173 815 3246 in
838 3173 1087 3272 abstinentiis,
1112 3173 1149 3248 in
1176 3173 1420 3270 orationibus,

319 3275 441 3374 primo
457 3299 612 3393 semper
626 3274 800 3370 diluculo,
816 3283 1018 3374 antequam
1030 3285 1438 3371 castramoverentur,·

320 3375 517 3474 completis
555 3375 823 3452 matutinorum
861 3375 1015 3474 vigiliis,
1048 3401 1132 3450 cum
1158 3377 1271 3476 pleno
1298 3373 1420 3448 officio

319 3477 523 3551 missarum
552 3476 586 3548 ei
614 3475 836 3574 sollempnia
867 3478 1063 3552 celebrans
1084 3487 1122 3550 et
1139 3476 1422 3550 hostiamsalu·

319 3588 442 3652 tarem
460 3587 537 3650 tam
556 3600 625 3674 pro
646 3601 688 3652 se
708 3601 821 3676 quam
841 3599 907 3676 pro
928 3577 1030 3650 omni
1050 3578 1217 3654 exercitu
1237 3577 1299 3650 illo
1314 3601 1422 3678 pere·

320 3678 428 3777 grino
447 3675 687 3752 incessanter
705 3677 883 3752 offerens.

394 3783 429 3854 8.
444 3775 951 3852 Deredituducisalcrdane.
980 3781 1061 3854 Dux
1078 3791 1204 3853 autem
1220 3803 1422 3880 regressus

322 3891 381 3952 est
398 3880 682 3976 lerosolymam,
702 3891 739 3954 et
757 3877 912 3954 detinuit
932 3905 1017 3954 eum
1038 3881 1112 3954 illic
1131 3884 1291 3958 domnus
1311 3881 1424 3980 patri-

321 3978 460 4053 archa⁶
478 3983 623 4056 duobus
644 3981 786 4056 diebus.
818 3981 906 4056 lnde
926 4006 1103 4057 reversus
1123 3983 1160 4056 in
1175 3983 1344 4056 Aecaron
1363 3981 1425 4054 vel

323 4097 347 4170 l)
368 4097 403 4153 el.
423 4101 605 4154 vernaculum
624 4101 702 4172 rdult,
722 4109 774 4155 stu.
794 4105 860 4168 (aas
880 4101 1019 4166 Arabica).
1092 4101 1119 4174 2)
1141 4099 1172 4156 V.
1188 4101 1304 4156 litteram
1324 4097 1427 4152 lunda·-

334 4171 416 4225 tionis
435 4189 460 4227 a.
482 4172 552 4226 1172
572 4175 598 4228 ln
618 4172 693 4245 Orig.
714 4172 805 4229 Guell.
825 4172 858 4227 Τ.
880 4171 927 4228 ΙΙΙ.
947 4193 973 4245 p.
993 4176 1028 4228 ‘16
1047 4183 1073 4228 et
1091 4173 1155 4230 sto.
1223 4173 1251 4239 3)
1271 4189 1308 4226 se.
1327 4170 1426 4226 Amal-

322 4245 406 4301 rieus.
456 4299 457 4304 ,
518 4248 544 4316 4)
564 4247 717 4313 Desertum,
744 4249 771 4300 in
796 4264 851 4318 quo
872 4244 992 4301 Christus
1020 4249 1193 4319 quadraginta
1214 4245 1348 4300 ieiunasse
1367 4245 1425 4300 dies

325 4319 449 4374 traditur.
489 4317 530 4375 Cl.
547 4321 619 4376 Ann.
640 4321 765 4376 Stadens.
783 4339 809 4392 p.
827 4319 891 4376 341.
966 4322 992 4391 5)
1013 4321 1069 4374 scil.
1087 4319 1248 4375 Amalrious.
