<?xml version="1.0" encoding="UTF-8"?>
<!DOCTYPE html PUBLIC "-//W3C//DTD XHTML 1.0 Transitional//EN"
    "http://www.w3.org/TR/xhtml1/DTD/xhtml1-transitional.dtd">
<html xmlns="http://www.w3.org/1999/xhtml" xml:lang="en" lang="en">
 <head>
  <title>
</title>
<meta http-equiv="Content-Type" content="text/html;charset=utf-8" />
  <meta name='ocr-system' content='tesseract 3.04.00' />
  <meta name='ocr-capabilities' content='ocr_page ocr_carea ocr_par ocr_line ocrx_word'/>
</head>
<body>
  <div class='ocr_page' id='page_1' title='image "arnoldichronica00arnogoog_0058.png"; bbox 0 0 3116 5014; ppageno 0'>
   <div class='ocr_carea' id='block_1_1' title="bbox 333 435 1402 551">
    <p class='ocr_par' dir='ltr' id='par_1_1' title="bbox 333 435 1402 551">
     <span class='ocr_line' id='line_1_1' title="bbox 333 435 1402 551; baseline -0.008 -1"><span class='ocrx_word' id='word_1_1' title='bbox 333 479 383 551; x_wconf 84' lang='lat'><strong>50</strong></span> <span class='ocrx_word' id='word_1_2' title='bbox 434 471 641 547; x_wconf 81' lang='lat' dir='ltr'><strong>ARNOLDI</strong></span> <span class='ocrx_word' id='word_1_3' title='bbox 669 472 906 548; x_wconf 84' lang='lat' dir='ltr'><strong>CHRONICA</strong></span> <span class='ocrx_word' id='word_1_4' title='bbox 933 471 1198 545; x_wconf 85' lang='lat' dir='ltr'><strong>SLAVORUM.</strong></span> <span class='ocrx_word' id='word_1_5' title='bbox 1246 435 1331 543; x_wconf 81' lang='lat' dir='ltr'><strong>Llll.</strong></span> <span class='ocrx_word' id='word_1_6' title='bbox 1358 470 1402 542; x_wconf 89' lang='lat' dir='ltr'><strong>ll.</strong></span> 
     </span>
    </p>
   </div>
   <div class='ocr_carea' id='block_1_2' title="bbox 257 671 1538 1697">
    <p class='ocr_par' dir='ltr' id='par_1_2' title="bbox 257 671 1538 1681">
     <span class='ocr_line' id='line_1_2' title="bbox 335 671 1433 771; baseline -0.005 -21"><span class='ocrx_word' id='word_1_7' title='bbox 335 701 400 750; x_wconf 89' lang='lat' dir='ltr'><strong>sus</strong></span> <span class='ocrx_word' id='word_1_8' title='bbox 418 686 476 749; x_wconf 91' lang='lat' dir='ltr'><strong>est</strong></span> <span class='ocrx_word' id='word_1_9' title='bbox 495 674 672 748; x_wconf 90' lang='lat' dir='ltr'><strong>inlocum</strong></span> <span class='ocrx_word' id='word_1_10' title='bbox 687 697 798 746; x_wconf 90' lang='lat' dir='ltr'><strong>suum</strong></span> <span class='ocrx_word' id='word_1_11' title='bbox 815 695 901 744; x_wconf 86' lang='grc' dir='ltr'>ιιοιι</span> <span class='ocrx_word' id='word_1_12' title='bbox 905 672 988 746; x_wconf 89' lang='lat' dir='ltr'><strong>sine</strong></span> <span class='ocrx_word' id='word_1_13' title='bbox 1003 672 1107 771; x_wconf 82' lang='lat' dir='ltr'><strong>gravi</strong></span> <span class='ocrx_word' id='word_1_14' title='bbox 1127 671 1433 771; x_wconf 86' lang='lat' dir='ltr'><strong>compunctione,</strong></span> 
     </span>
     <span class='ocr_line' id='line_1_3' title="bbox 327 774 1430 876; baseline -0.005 -26"><span class='ocrx_word' id='word_1_15' title='bbox 327 779 611 876; x_wconf 87' lang='lat' dir='ltr'><strong>quodpropter</strong></span> <span class='ocrx_word' id='word_1_16' title='bbox 639 799 726 847; x_wconf 91' lang='lat' dir='ltr'><strong>eum</strong></span> <span class='ocrx_word' id='word_1_17' title='bbox 754 775 901 846; x_wconf 82' lang='lat' dir='ltr'>occasio</span> <span class='ocrx_word' id='word_1_18' title='bbox 929 785 1117 847; x_wconf 87' lang='lat' dir='ltr'><strong>tantomm</strong></span> <span class='ocrx_word' id='word_1_19' title='bbox 1140 774 1323 847; x_wconf 86' lang='lat' dir='ltr'><strong>malorum</strong></span> <span class='ocrx_word' id='word_1_20' title='bbox 1342 775 1430 846; x_wconf 92' lang='lat' dir='ltr'><strong>data</strong></span> 
     </span>
     <span class='ocr_line' id='line_1_4' title="bbox 334 867 1538 973; baseline -0.004 -23"><span class='ocrx_word' id='word_1_21' title='bbox 334 877 459 972; x_wconf 84' lang='lat' dir='ltr'><strong>fuerit,</strong></span> <span class='ocrx_word' id='word_1_22' title='bbox 484 901 556 950; x_wconf 92' lang='lat' dir='ltr'><strong>nec</strong></span> <span class='ocrx_word' id='word_1_23' title='bbox 584 875 720 949; x_wconf 87' lang='lat' dir='ltr'><strong>adiecit</strong></span> <span class='ocrx_word' id='word_1_24' title='bbox 747 867 895 947; x_wconf 90' lang='lat' dir='ltr'><strong>ultra</strong></span> <span class='ocrx_word' id='word_1_25' title='bbox 863 899 962 947; x_wconf 81' lang='lat' dir='ltr'><strong>viros</strong></span> <span class='ocrx_word' id='word_1_26' title='bbox 980 875 1064 949; x_wconf 90' lang='lat' dir='ltr'><strong>illos</strong></span> <span class='ocrx_word' id='word_1_27' title='bbox 1084 885 1278 973; x_wconf 88' lang='lat' dir='ltr'><strong>apostatas</strong></span> <span class='ocrx_word' id='word_1_28' title='bbox 1297 897 1432 946; x_wconf 88' lang='lat' dir='ltr'><strong>secum</strong></span> <span class='ocrx_word' id='word_1_29' title='bbox 1537 871 1538 914; x_wconf 66' lang='lat'>³</span> 
     </span>
     <span class='ocr_line' id='line_1_5' title="bbox 336 975 1433 1070; baseline -0.005 -18"><span class='ocrx_word' id='word_1_30' title='bbox 336 982 508 1052; x_wconf 82' lang='lat' dir='ltr'>educere.</span> <span class='ocrx_word' id='word_1_31' title='bbox 541 977 667 1050; x_wconf 89' lang='lat' dir='ltr'><strong>Crevit</strong></span> <span class='ocrx_word' id='word_1_32' title='bbox 680 987 806 1048; x_wconf 88' lang='lat' dir='ltr'><strong>autem</strong></span> <span class='ocrx_word' id='word_1_33' title='bbox 826 975 1024 1051; x_wconf 88' lang='lat' dir='ltr'><strong>obsidium</strong></span> <span class='ocrx_word' id='word_1_34' title='bbox 1043 977 1123 1050; x_wconf 92' lang='lat' dir='ltr'><strong>dies</strong></span> <span class='ocrx_word' id='word_1_35' title='bbox 1144 987 1182 1054; x_wconf 87' lang='lat' dir='ltr'><strong>et</strong></span> <span class='ocrx_word' id='word_1_36' title='bbox 1194 999 1363 1070; x_wconf 86' lang='lat' dir='ltr'><strong>menses,</strong></span> <span class='ocrx_word' id='word_1_37' title='bbox 1383 998 1433 1048; x_wconf 93' lang='lat' dir='ltr'><strong>eo</strong></span> 
     </span>
     <span class='ocr_line' id='line_1_6' title="bbox 257 1076 1435 1178; baseline -0.003 -26"><span class='ocrx_word' id='word_1_38' title='bbox 257 1101 259 1104; x_wconf 90' lang='grc'><strong><em>·</em></strong></span> <span class='ocrx_word' id='word_1_39' title='bbox 335 1081 434 1178; x_wconf 91' lang='lat' dir='ltr'><strong>quod</strong></span> <span class='ocrx_word' id='word_1_40' title='bbox 452 1079 666 1152; x_wconf 87' lang='lat' dir='ltr'><strong>Bernardus</strong></span> <span class='ocrx_word' id='word_1_41' title='bbox 685 1101 813 1150; x_wconf 86' lang='lat' dir='ltr'><strong>comes</strong></span> <span class='ocrx_word' id='word_1_42' title='bbox 833 1079 878 1150; x_wconf 91' lang='lat' dir='ltr'><strong>de</strong></span> <span class='ocrx_word' id='word_1_43' title='bbox 897 1077 1028 1176; x_wconf 85' lang='lat' dir='ltr'><strong>Lippe,</strong></span> <span class='ocrx_word' id='word_1_44' title='bbox 1046 1078 1236 1176; x_wconf 80' lang='lat' dir='ltr'><strong>prefectus</strong></span> <span class='ocrx_word' id='word_1_45' title='bbox 1257 1076 1435 1172; x_wconf 89' lang='lat' dir='ltr'><strong>civitatis,</strong></span> 
     </span>
     <span class='ocr_line' id='line_1_7' title="bbox 334 1177 1434 1276; baseline -0.003 -24"><span class='ocrx_word' id='word_1_46' title='bbox 334 1181 391 1252; x_wconf 89' lang='lat' dir='ltr'><strong>vir</strong></span> <span class='ocrx_word' id='word_1_47' title='bbox 410 1190 613 1254; x_wconf 84' lang='lat' dir='ltr'><strong>strennuus</strong></span> <span class='ocrx_word' id='word_1_48' title='bbox 632 1179 740 1252; x_wconf 91' lang='lat' dir='ltr'><strong>valde</strong></span> <span class='ocrx_word' id='word_1_49' title='bbox 761 1189 798 1250; x_wconf 88' lang='lat' dir='ltr'><strong>et</strong></span> <span class='ocrx_word' id='word_1_50' title='bbox 815 1179 984 1250; x_wconf 85' lang='lat' dir='ltr'><strong>militaris</strong></span> <span class='ocrx_word' id='word_1_51' title='bbox 1004 1189 1121 1274; x_wconf 88' lang='lat' dir='ltr'><strong>esset,</strong></span> <span class='ocrx_word' id='word_1_52' title='bbox 1147 1189 1185 1250; x_wconf 90' lang='lat' dir='ltr'><strong>et</strong></span> <span class='ocrx_word' id='word_1_53' title='bbox 1201 1179 1307 1250; x_wconf 92' lang='lat' dir='ltr'><strong>locus</strong></span> <span class='ocrx_word' id='word_1_54' title='bbox 1327 1177 1434 1276; x_wconf 92' lang='lat' dir='ltr'><strong>palu·</strong></span> 
     </span>
     <span class='ocr_line' id='line_1_8' title="bbox 337 1279 1477 1378; baseline -0.004 -25"><span class='ocrx_word' id='word_1_55' title='bbox 337 1281 424 1354; x_wconf 85' lang='lat' dir='ltr'><strong>stris</strong></span> <span class='ocrx_word' id='word_1_56' title='bbox 460 1284 506 1354; x_wconf 90' lang='lat' dir='ltr'><strong>ob</strong></span> <span class='ocrx_word' id='word_1_57' title='bbox 536 1280 681 1375; x_wconf 84' lang='lat' dir='ltr'><strong>hyemis</strong></span> <span class='ocrx_word' id='word_1_58' title='bbox 718 1279 918 1351; x_wconf 81' lang='lat' dir='ltr'><strong>molliciem</strong></span> <span class='ocrx_word' id='word_1_59' title='bbox 950 1279 1157 1378; x_wconf 80' lang='lat' dir='ltr'><strong>expugnari</strong></span> <span class='ocrx_word' id='word_1_60' title='bbox 1186 1303 1259 1350; x_wconf 93' lang='lat' dir='ltr'><strong>non</strong></span> <span class='ocrx_word' id='word_1_61' title='bbox 1287 1287 1436 1376; x_wconf 89' lang='lat' dir='ltr'><strong>posset.</strong></span> <span class='ocrx_word' id='word_1_62' title='bbox 1474 1301 1477 1309; x_wconf 53' lang='lat'><strong>⁴</strong></span> 
     </span>
     <span class='ocr_line' id='line_1_9' title="bbox 336 1378 1435 1480; baseline -0.006 -23"><span class='ocrx_word' id='word_1_63' title='bbox 336 1385 505 1480; x_wconf 86' lang='lat' dir='ltr'><strong>Cumque</strong></span> <span class='ocrx_word' id='word_1_64' title='bbox 528 1381 627 1454; x_wconf 90' lang='lat' dir='ltr'><strong>tedio</strong></span> <span class='ocrx_word' id='word_1_65' title='bbox 647 1381 776 1454; x_wconf 88' lang='lat' dir='ltr'><strong>diutini</strong></span> <span class='ocrx_word' id='word_1_66' title='bbox 792 1381 930 1454; x_wconf 89' lang='lat' dir='ltr'><strong>laboris</strong></span> <span class='ocrx_word' id='word_1_67' title='bbox 951 1378 1167 1476; x_wconf 86' lang='lat' dir='ltr'><strong>deficerent,</strong></span> <span class='ocrx_word' id='word_1_68' title='bbox 1193 1382 1345 1452; x_wconf 90' lang='lat' dir='ltr'><strong>tandem</strong></span> <span class='ocrx_word' id='word_1_69' title='bbox 1366 1404 1435 1450; x_wconf 91' lang='lat' dir='ltr'><strong>no-</strong></span> 
     </span>
     <span class='ocr_line' id='line_1_10' title="bbox 336 1480 1436 1581; baseline -0.006 -24"><span class='ocrx_word' id='word_1_70' title='bbox 336 1509 424 1557; x_wconf 91' lang='lat' dir='ltr'><strong>vum</strong></span> <span class='ocrx_word' id='word_1_71' title='bbox 450 1485 635 1580; x_wconf 82' lang='lat' dir='ltr'><strong>quoddam</strong></span> <span class='ocrx_word' id='word_1_72' title='bbox 658 1506 780 1580; x_wconf 81' lang='lat' dir='ltr'><strong>genus</strong></span> <span class='ocrx_word' id='word_1_73' title='bbox 801 1481 1088 1581; x_wconf 81' lang='lat' dir='ltr'><strong>expugnationis</strong></span> <span class='ocrx_word' id='word_1_74' title='bbox 1109 1480 1436 1578; x_wconf 83' lang='lat' dir='ltr'><strong>excogitaverunt,</strong></span> 
     </span>
     <span class='ocr_line' id='line_1_11' title="bbox 336 1582 1437 1697; baseline -0.006 -39"><span class='ocrx_word' id='word_1_75' title='bbox 336 1595 377 1658; x_wconf 91' lang='lat' dir='ltr'><strong>ut</strong></span> <span class='ocrx_word' id='word_1_76' title='bbox 404 1609 487 1657; x_wconf 87' lang='lat' dir='ltr'><strong>eam</strong></span> <span class='ocrx_word' id='word_1_77' title='bbox 512 1582 619 1697; x_wconf 87' lang='lat' dir='ltr'><strong>aquis</strong></span> <span class='ocrx_word' id='word_1_78' title='bbox 639 1583 880 1656; x_wconf 88' lang='lat' dir='ltr'><strong>suffocarent</strong></span> <span class='ocrx_word' id='word_1_79' title='bbox 916 1583 1098 1681; x_wconf 78' lang='lat' dir='ltr'><strong>Cumque,</strong></span> <span class='ocrx_word' id='word_1_80' title='bbox 1116 1582 1213 1654; x_wconf 89' lang='lat' dir='ltr'><strong>vallo</strong></span> <span class='ocrx_word' id='word_1_81' title='bbox 1233 1582 1345 1672; x_wconf 86' lang='lat' dir='ltr'><strong>facto,</strong></span> <span class='ocrx_word' id='word_1_82' title='bbox 1370 1605 1437 1653; x_wconf 87' lang='lat' dir='ltr'><strong>ex-</strong></span> 
     </span>
    </p>
   </div>
   <div class='ocr_carea' id='block_1_3' title="bbox 339 1683 1538 1796">
    <p class='ocr_par' dir='ltr' id='par_1_3' title="bbox 339 1683 1538 1796">
     <span class='ocr_line' id='line_1_12' title="bbox 339 1683 1538 1796; baseline -0.004 -38"><span class='ocrx_word' id='word_1_83' title='bbox 339 1683 542 1782; x_wconf 81' lang='lat' dir='ltr'><strong>cogitatum</strong></span> <span class='ocrx_word' id='word_1_84' title='bbox 567 1683 840 1756; x_wconf 84' lang='lat' dir='ltr'><strong>instantissime</strong></span> <span class='ocrx_word' id='word_1_85' title='bbox 860 1694 1100 1782; x_wconf 83' lang='lat' dir='ltr'><strong>peragerent</strong></span> <span class='ocrx_word' id='word_1_86' title='bbox 1124 1707 1220 1781; x_wconf 93' lang='lat' dir='ltr'><strong>aque</strong></span> <span class='ocrx_word' id='word_1_87' title='bbox 1241 1705 1361 1796; x_wconf 80' lang='lat' dir='ltr'><strong>usque</strong></span> <span class='ocrx_word' id='word_1_88' title='bbox 1384 1685 1438 1754; x_wconf 87' lang='lat' dir='ltr'><strong>&#39;ad</strong></span> <span class='ocrx_word' id='word_1_89' title='bbox 1537 1763 1538 1770; x_wconf 13' lang='lat'>¹</span> 
     </span>
    </p>
   </div>
   <div class='ocr_carea' id='block_1_4' title="bbox 335 1783 1439 2162">
    <p class='ocr_par' dir='ltr' id='par_1_4' title="bbox 336 1783 1436 1881">
     <span class='ocr_line' id='line_1_13' title="bbox 336 1783 1436 1881; baseline -0.004 -23"><span class='ocrx_word' id='word_1_90' title='bbox 336 1790 461 1860; x_wconf 83' lang='lat' dir='ltr'><strong>trabes</strong></span> <span class='ocrx_word' id='word_1_91' title='bbox 486 1787 682 1856; x_wconf 88' lang='lat' dir='ltr'><strong>domorum</strong></span> <span class='ocrx_word' id='word_1_92' title='bbox 702 1793 963 1881; x_wconf 86' lang='lat' dir='ltr'><strong>excreverunt,</strong></span> <span class='ocrx_word' id='word_1_93' title='bbox 990 1787 1055 1859; x_wconf 89' lang='lat' dir='ltr'><strong>sed</strong></span> <span class='ocrx_word' id='word_1_94' title='bbox 1081 1785 1203 1857; x_wconf 90' lang='lat' dir='ltr'><strong>adhuc</strong></span> <span class='ocrx_word' id='word_1_95' title='bbox 1230 1783 1436 1856; x_wconf 66' lang='grc'><strong>1111111111-</strong></span> 
     </span>
    </p>

    <p class='ocr_par' dir='ltr' id='par_1_5' title="bbox 335 1884 1439 2084">
     <span class='ocr_line' id='line_1_14' title="bbox 335 1884 1439 1981; baseline -0.003 -23"><span class='ocrx_word' id='word_1_96' title='bbox 335 1899 439 1959; x_wconf 87' lang='lat' dir='ltr'><strong>tores</strong></span> <span class='ocrx_word' id='word_1_97' title='bbox 460 1885 648 1958; x_wconf 87' lang='lat' dir='ltr'><strong>civitatem</strong></span> <span class='ocrx_word' id='word_1_98' title='bbox 662 1896 874 1958; x_wconf 47' lang='lat' dir='ltr'><strong>tenuermunt</strong></span> <span class='ocrx_word' id='word_1_99' title='bbox 906 1886 1073 1958; x_wconf 84' lang='lat' dir='ltr'><strong>Tandem</strong></span> <span class='ocrx_word' id='word_1_100' title='bbox 1094 1884 1304 1958; x_wconf 87' lang='lat' dir='ltr'><strong>conditione</strong></span> <span class='ocrx_word' id='word_1_101' title='bbox 1319 1885 1439 1981; x_wconf 85' lang='lat' dir='ltr'><strong>facta,</strong></span> 
     </span>
     <span class='ocr_line' id='line_1_15' title="bbox 335 1985 1437 2110; baseline -0.004 -49"><span class='ocrx_word' id='word_1_102' title='bbox 335 1988 549 2061; x_wconf 90' lang='lat' dir='ltr'><strong>Bernardus</strong></span> <span class='ocrx_word' id='word_1_103' title='bbox 578 2011 663 2058; x_wconf 90' lang='lat' dir='ltr'><strong>cum</strong></span> <span class='ocrx_word' id='word_1_104' title='bbox 691 1986 768 2059; x_wconf 90' lang='lat' dir='ltr'><strong>suis</strong></span> <span class='ocrx_word' id='word_1_105' title='bbox 788 1986 881 2058; x_wconf 90' lang='lat' dir='ltr'><strong>liber</strong></span> <span class='ocrx_word' id='word_1_106' title='bbox 900 1987 1090 2110; x_wconf 81' lang='lat' dir='ltr'><strong>egreditur</strong></span> <span class='ocrx_word' id='word_1_107' title='bbox 1109 1997 1147 2058; x_wconf 91' lang='lat' dir='ltr'><strong>et</strong></span> <span class='ocrx_word' id='word_1_108' title='bbox 1165 1985 1295 2058; x_wconf 89' lang='lat' dir='ltr'><strong>civitas</strong></span> <span class='ocrx_word' id='word_1_109' title='bbox 1315 1985 1437 2110; x_wconf 85' lang='lat' dir='ltr'><strong>fundi-</strong></span> 
     </span>
    </p>

    <p class='ocr_par' dir='ltr' id='par_1_6' title="bbox 335 2086 648 2162">
     <span class='ocr_line' id='line_1_16' title="bbox 335 2086 648 2162; baseline -0.013 -1"><span class='ocrx_word' id='word_1_110' title='bbox 335 2100 396 2162; x_wconf 87' lang='lat' dir='ltr'><strong>tus</strong></span> <span class='ocrx_word' id='word_1_111' title='bbox 416 2086 648 2161; x_wconf 77' lang='lat' dir='ltr'><strong>destruitur1.</strong></span> 
     </span>
    </p>
   </div>
   <div class='ocr_carea' id='block_1_5' title="bbox 338 2203 1538 2404">
    <p class='ocr_par' dir='ltr' id='par_1_7' title="bbox 338 2203 1538 2404">
     <span class='ocr_line' id='line_1_17' title="bbox 415 2203 1435 2281; baseline -0.005 0"><span class='ocrx_word' id='word_1_112' title='bbox 415 2209 471 2281; x_wconf 89' lang='grc'><strong>12.</strong></span> <span class='ocrx_word' id='word_1_113' title='bbox 489 2205 543 2278; x_wconf 88' lang='lat' dir='ltr'><strong>De</strong></span> <span class='ocrx_word' id='word_1_114' title='bbox 560 2207 935 2279; x_wconf 68' lang='lat' dir='ltr'><strong>excommunicantem</strong></span> <span class='ocrx_word' id='word_1_115' title='bbox 953 2203 1065 2278; x_wconf 74' lang='lat' dir='ltr'><strong>ducis.</strong></span> <span class='ocrx_word' id='word_1_116' title='bbox 1101 2206 1201 2278; x_wconf 92' lang='lat' dir='ltr'><strong>lnter</strong></span> <span class='ocrx_word' id='word_1_117' title='bbox 1219 2206 1291 2277; x_wconf 90' lang='lat' dir='ltr'><strong>hec</strong></span> <span class='ocrx_word' id='word_1_118' title='bbox 1306 2215 1435 2276; x_wconf 87' lang='lat' dir='ltr'><strong>autem</strong></span> 
     </span>
     <span class='ocr_line' id='line_1_18' title="bbox 338 2306 1538 2404; baseline -0.002 -24"><span class='ocrx_word' id='word_1_119' title='bbox 338 2307 532 2381; x_wconf 89' lang='lat' dir='ltr'><strong>Odelricus</strong></span> <span class='ocrx_word' id='word_1_120' title='bbox 548 2307 876 2380; x_wconf 89' lang='lat' dir='ltr'><strong>Halverstadensis</strong></span> <span class='ocrx_word' id='word_1_121' title='bbox 893 2307 1064 2380; x_wconf 90' lang='lat' dir='ltr'><strong>omnibus</strong></span> <span class='ocrx_word' id='word_1_122' title='bbox 1084 2306 1204 2379; x_wconf 91' lang='lat' dir='ltr'><strong>modis</strong></span> <span class='ocrx_word' id='word_1_123' title='bbox 1220 2307 1439 2404; x_wconf 88' lang='lat' dir='ltr'><strong>importune</strong></span> <span class='ocrx_word' id='word_1_124' title='bbox 1455 2375 1458 2380; x_wconf 87' lang='grc'><strong>,</strong></span> <span class='ocrx_word' id='word_1_125' title='bbox 1536 2313 1538 2342; x_wconf 66' lang='lat'><em>³</em></span> 
     </span>
    </p>
   </div>
   <div class='ocr_carea' id='block_1_6' title="bbox 339 2406 1538 2503">
    <p class='ocr_par' dir='ltr' id='par_1_8' title="bbox 339 2406 1538 2503">
     <span class='ocr_line' id='line_1_19' title="bbox 339 2406 1538 2503; baseline -0.002 -24"><span class='ocrx_word' id='word_1_126' title='bbox 339 2408 395 2480; x_wconf 81' lang='lat' dir='ltr'><strong>ei²</strong></span> <span class='ocrx_word' id='word_1_127' title='bbox 413 2409 622 2503; x_wconf 87' lang='lat' dir='ltr'><strong>insistebat,</strong></span> <span class='ocrx_word' id='word_1_128' title='bbox 642 2411 734 2480; x_wconf 90' lang='lat' dir='ltr'><strong>adeo</strong></span> <span class='ocrx_word' id='word_1_129' title='bbox 760 2418 799 2480; x_wconf 90' lang='lat' dir='ltr'><strong>ut</strong></span> <span class='ocrx_word' id='word_1_130' title='bbox 818 2407 1215 2480; x_wconf 88' lang='lat' dir='ltr'><strong>excommunicationis</strong></span> <span class='ocrx_word' id='word_1_131' title='bbox 1236 2406 1436 2479; x_wconf 90' lang='lat' dir='ltr'><strong>maledicta</strong></span> <span class='ocrx_word' id='word_1_132' title='bbox 1537 2435 1538 2496; x_wconf 85' lang='lat' dir='ltr'>j</span> 
     </span>
    </p>
   </div>
   <div class='ocr_carea' id='block_1_7' title="bbox 337 2507 1439 2607">
    <p class='ocr_par' dir='ltr' id='par_1_9' title="bbox 337 2507 1439 2607">
     <span class='ocr_line' id='line_1_20' title="bbox 337 2507 1439 2607; baseline -0.004 -26"><span class='ocrx_word' id='word_1_133' title='bbox 337 2509 374 2581; x_wconf 92' lang='lat' dir='ltr'><strong>in</strong></span> <span class='ocrx_word' id='word_1_134' title='bbox 400 2535 486 2582; x_wconf 87' lang='lat' dir='ltr'><strong>eum</strong></span> <span class='ocrx_word' id='word_1_135' title='bbox 514 2509 641 2607; x_wconf 90' lang='lat' dir='ltr'><strong>sepius</strong></span> <span class='ocrx_word' id='word_1_136' title='bbox 666 2509 864 2605; x_wconf 84' lang='lat' dir='ltr'><strong>proferret,</strong></span> <span class='ocrx_word' id='word_1_137' title='bbox 891 2510 986 2581; x_wconf 85' lang='lat' dir='ltr'><strong>facta</strong></span> <span class='ocrx_word' id='word_1_138' title='bbox 1015 2507 1265 2606; x_wconf 90' lang='lat' dir='ltr'><strong>suspensione</strong></span> <span class='ocrx_word' id='word_1_139' title='bbox 1294 2507 1439 2579; x_wconf 88' lang='lat' dir='ltr'><strong>divino·</strong></span> 
     </span>
    </p>
   </div>
   <div class='ocr_carea' id='block_1_8' title="bbox 225 2609 1437 2706">
    <p class='ocr_par' dir='ltr' id='par_1_10' title="bbox 225 2609 1437 2706">
     <span class='ocr_line' id='line_1_21' title="bbox 225 2609 1437 2706; baseline 0 -26"><span class='ocrx_word' id='word_1_140' title='bbox 225 2651 229 2660; x_wconf 91' lang='lat'>·</span> <span class='ocrx_word' id='word_1_141' title='bbox 337 2634 420 2681; x_wconf 90' lang='lat' dir='ltr'><strong>rum</strong></span> <span class='ocrx_word' id='word_1_142' title='bbox 440 2611 476 2681; x_wconf 93' lang='lat' dir='ltr'><strong>in</strong></span> <span class='ocrx_word' id='word_1_143' title='bbox 497 2610 599 2682; x_wconf 91' lang='lat' dir='ltr'><strong>omni</strong></span> <span class='ocrx_word' id='word_1_144' title='bbox 619 2609 836 2706; x_wconf 90' lang='lat' dir='ltr'><strong>episcopatu</strong></span> <span class='ocrx_word' id='word_1_145' title='bbox 855 2610 939 2704; x_wconf 75' lang='lat' dir='ltr'><strong>illo,</strong></span> <span class='ocrx_word' id='word_1_146' title='bbox 968 2620 1006 2680; x_wconf 92' lang='lat' dir='ltr'><strong>et</strong></span> <span class='ocrx_word' id='word_1_147' title='bbox 1023 2619 1169 2681; x_wconf 89' lang='lat' dir='ltr'><strong>tantum</strong></span> <span class='ocrx_word' id='word_1_148' title='bbox 1188 2609 1225 2680; x_wconf 93' lang='lat' dir='ltr'><strong>in</strong></span> <span class='ocrx_word' id='word_1_149' title='bbox 1246 2618 1437 2706; x_wconf 83' lang='lat' dir='ltr'><strong>monaste·</strong></span> 
     </span>
    </p>
   </div>
   <div class='ocr_carea' id='block_1_9' title="bbox 331 2709 1437 3920">
    <p class='ocr_par' dir='ltr' id='par_1_11' title="bbox 331 2709 1437 3920">
     <span class='ocr_line' id='line_1_22' title="bbox 336 2709 1436 2804; baseline 0 -24"><span class='ocrx_word' id='word_1_150' title='bbox 336 2710 401 2782; x_wconf 89' lang='lat' dir='ltr'><strong>riis</strong></span> <span class='ocrx_word' id='word_1_151' title='bbox 422 2714 490 2783; x_wconf 88' lang='lat' dir='ltr'><strong>sub</strong></span> <span class='ocrx_word' id='word_1_152' title='bbox 510 2709 657 2782; x_wconf 90' lang='lat' dir='ltr'><strong>silentio</strong></span> <span class='ocrx_word' id='word_1_153' title='bbox 678 2709 802 2781; x_wconf 91' lang='lat' dir='ltr'><strong>divina</strong></span> <span class='ocrx_word' id='word_1_154' title='bbox 821 2710 1119 2804; x_wconf 71' lang='lat' dir='ltr'><strong>celebrabantur,</strong></span> <span class='ocrx_word' id='word_1_155' title='bbox 1147 2710 1284 2782; x_wconf 90' lang='lat' dir='ltr'><strong>clausis</strong></span> <span class='ocrx_word' id='word_1_156' title='bbox 1303 2719 1436 2782; x_wconf 90' lang='lat' dir='ltr'><strong>tamen</strong></span> 
     </span>
     <span class='ocr_line' id='line_1_23' title="bbox 331 2809 1432 2909; baseline 0.002 -27"><span class='ocrx_word' id='word_1_157' title='bbox 331 2811 459 2904; x_wconf 76' lang='lat' dir='ltr'><strong>¹ianuis</strong></span> <span class='ocrx_word' id='word_1_158' title='bbox 476 2821 629 2909; x_wconf 91' lang='lat' dir='ltr'><strong>propter</strong></span> <span class='ocrx_word' id='word_1_159' title='bbox 644 2809 1001 2882; x_wconf 84' lang='lat' dir='ltr'><strong>excommunicatos.</strong></span> <span class='ocrx_word' id='word_1_160' title='bbox 1032 2811 1114 2884; x_wconf 90' lang='lat' dir='ltr'><strong>Dux</strong></span> <span class='ocrx_word' id='word_1_161' title='bbox 1134 2823 1274 2901; x_wconf 89' lang='lat' dir='ltr'><strong>autem,</strong></span> <span class='ocrx_word' id='word_1_162' title='bbox 1293 2811 1432 2884; x_wconf 87' lang='lat' dir='ltr'><strong>timens</strong></span> 
     </span>
     <span class='ocr_line' id='line_1_24' title="bbox 338 2911 1433 3004; baseline -0.001 -21"><span class='ocrx_word' id='word_1_163' title='bbox 338 2911 565 2984; x_wconf 85' lang='lat' dir='ltr'><strong>sententiam</strong></span> <span class='ocrx_word' id='word_1_164' title='bbox 601 2911 1019 3004; x_wconf 70' lang='lat' dir='ltr'><strong>excommunicationis,</strong></span> <span class='ocrx_word' id='word_1_165' title='bbox 1054 2911 1156 2983; x_wconf 89' lang='lat' dir='ltr'><strong>venit</strong></span> <span class='ocrx_word' id='word_1_166' title='bbox 1192 2913 1433 2984; x_wconf 92' lang='lat' dir='ltr'><strong>Halverstath</strong></span> 
     </span>
     <span class='ocr_line' id='line_1_25' title="bbox 339 3011 1436 3086; baseline -0.001 0"><span class='ocrx_word' id='word_1_167' title='bbox 339 3037 425 3086; x_wconf 85' lang='lat' dir='ltr'><strong>cum</strong></span> <span class='ocrx_word' id='word_1_168' title='bbox 450 3013 586 3086; x_wconf 91' lang='lat' dir='ltr'><strong>suiset</strong></span> <span class='ocrx_word' id='word_1_169' title='bbox 611 3013 646 3084; x_wconf 93' lang='lat' dir='ltr'><strong>in</strong></span> <span class='ocrx_word' id='word_1_170' title='bbox 671 3011 891 3084; x_wconf 88' lang='lat' dir='ltr'><strong>contritione</strong></span> <span class='ocrx_word' id='word_1_171' title='bbox 919 3012 1040 3085; x_wconf 91' lang='lat' dir='ltr'><strong>cordis</strong></span> <span class='ocrx_word' id='word_1_172' title='bbox 1064 3013 1280 3086; x_wconf 91' lang='lat' dir='ltr'><strong>humiliatus</strong></span> <span class='ocrx_word' id='word_1_173' title='bbox 1308 3024 1367 3086; x_wconf 88' lang='lat' dir='ltr'><strong>est</strong></span> <span class='ocrx_word' id='word_1_174' title='bbox 1386 3016 1436 3085; x_wconf 89' lang='lat' dir='ltr'><strong>ad</strong></span> 
     </span>
     <span class='ocr_line' id='line_1_26' title="bbox 337 3111 1435 3213; baseline -0.003 -26"><span class='ocrx_word' id='word_1_175' title='bbox 337 3115 455 3213; x_wconf 87' lang='lat' dir='ltr'><strong>pedes</strong></span> <span class='ocrx_word' id='word_1_176' title='bbox 482 3111 607 3186; x_wconf 90' lang='lat' dir='ltr'><strong>domni</strong></span> <span class='ocrx_word' id='word_1_177' title='bbox 628 3113 805 3212; x_wconf 89' lang='lat' dir='ltr'><strong>episcopi.</strong></span> <span class='ocrx_word' id='word_1_178' title='bbox 837 3113 881 3186; x_wconf 85' lang='lat' dir='ltr'><strong>Et</strong></span> <span class='ocrx_word' id='word_1_179' title='bbox 902 3113 1046 3186; x_wconf 90' lang='lat' dir='ltr'><strong>solutus</strong></span> <span class='ocrx_word' id='word_1_180' title='bbox 1069 3124 1127 3186; x_wconf 84' lang='lat' dir='ltr'><strong>est</strong></span> <span class='ocrx_word' id='word_1_181' title='bbox 1141 3139 1161 3186; x_wconf 90' lang='lat' dir='ltr'><strong>a</strong></span> <span class='ocrx_word' id='word_1_182' title='bbox 1177 3114 1324 3186; x_wconf 89' lang='lat' dir='ltr'><strong>vinculo</strong></span> <span class='ocrx_word' id='word_1_183' title='bbox 1344 3137 1435 3185; x_wconf 90' lang='lat' dir='ltr'><strong>ana·</strong></span> 
     </span>
     <span class='ocr_line' id='line_1_27' title="bbox 337 3214 1436 3313; baseline -0.002 -25"><span class='ocrx_word' id='word_1_184' title='bbox 337 3215 515 3288; x_wconf 88' lang='lat' dir='ltr'><strong>thematis</strong></span> <span class='ocrx_word' id='word_1_185' title='bbox 533 3225 610 3288; x_wconf 90' lang='lat' dir='ltr'><strong>tam</strong></span> <span class='ocrx_word' id='word_1_186' title='bbox 630 3214 713 3312; x_wconf 90' lang='lat' dir='ltr'><strong>ipse</strong></span> <span class='ocrx_word' id='word_1_187' title='bbox 740 3239 851 3312; x_wconf 92' lang='lat' dir='ltr'><strong>quam</strong></span> <span class='ocrx_word' id='word_1_188' title='bbox 878 3215 948 3312; x_wconf 87' lang='lat' dir='ltr'><strong>sui,</strong></span> <span class='ocrx_word' id='word_1_189' title='bbox 976 3215 1073 3286; x_wconf 88' lang='lat' dir='ltr'><strong>facta</strong></span> <span class='ocrx_word' id='word_1_190' title='bbox 1093 3215 1353 3313; x_wconf 86' lang='lat' dir='ltr'><strong>sollempniter</strong></span> <span class='ocrx_word' id='word_1_191' title='bbox 1371 3217 1436 3286; x_wconf 89' lang='lat' dir='ltr'><strong>ab·</strong></span> 
     </span>
     <span class='ocr_line' id='line_1_28' title="bbox 339 3315 1434 3414; baseline -0.003 -24"><span class='ocrx_word' id='word_1_192' title='bbox 339 3317 533 3390; x_wconf 87' lang='lat' dir='ltr'><strong>solutione.</strong></span> <span class='ocrx_word' id='word_1_193' title='bbox 578 3317 622 3389; x_wconf 81' lang='lat' dir='ltr'><strong>Et</strong></span> <span class='ocrx_word' id='word_1_194' title='bbox 649 3315 769 3389; x_wconf 90' lang='lat' dir='ltr'><strong>sensit</strong></span> <span class='ocrx_word' id='word_1_195' title='bbox 793 3340 877 3388; x_wconf 93' lang='lat' dir='ltr'><strong>cum</strong></span> <span class='ocrx_word' id='word_1_196' title='bbox 906 3316 1082 3414; x_wconf 89' lang='lat' dir='ltr'><strong>episcopo</strong></span> <span class='ocrx_word' id='word_1_197' title='bbox 1110 3327 1249 3388; x_wconf 87' lang='lat' dir='ltr'><strong>etcum</strong></span> <span class='ocrx_word' id='word_1_198' title='bbox 1271 3315 1434 3388; x_wconf 86' lang='lat' dir='ltr'><strong>ecclesia</strong></span> 
     </span>
     <span class='ocr_line' id='line_1_29' title="bbox 337 3417 1435 3516; baseline 0 -28"><span class='ocrx_word' id='word_1_199' title='bbox 337 3417 400 3490; x_wconf 87' lang='lat' dir='ltr'><strong>illa</strong></span> <span class='ocrx_word' id='word_1_200' title='bbox 430 3441 474 3490; x_wconf 91' lang='lat' dir='ltr'><strong>ea</strong></span> <span class='ocrx_word' id='word_1_201' title='bbox 499 3441 570 3516; x_wconf 89' lang='lat' dir='ltr'><strong>que</strong></span> <span class='ocrx_word' id='word_1_202' title='bbox 593 3419 697 3515; x_wconf 89' lang='lat' dir='ltr'><strong>pacis</strong></span> <span class='ocrx_word' id='word_1_203' title='bbox 718 3427 814 3490; x_wconf 91' lang='lat' dir='ltr'><strong>sunt.</strong></span> <span class='ocrx_word' id='word_1_204' title='bbox 859 3417 932 3490; x_wconf 88' lang='lat' dir='ltr'><strong>Sed</strong></span> <span class='ocrx_word' id='word_1_205' title='bbox 952 3419 1023 3489; x_wconf 88' lang='lat' dir='ltr'><strong>hoc</strong></span> <span class='ocrx_word' id='word_1_206' title='bbox 1039 3427 1156 3513; x_wconf 88' lang='lat' dir='ltr'><strong>parvo</strong></span> <span class='ocrx_word' id='word_1_207' title='bbox 1176 3417 1322 3489; x_wconf 88' lang='lat' dir='ltr'><strong>duravit</strong></span> <span class='ocrx_word' id='word_1_208' title='bbox 1339 3427 1435 3488; x_wconf 91' lang='lat' dir='ltr'><strong>tem·</strong></span> 
     </span>
     <span class='ocr_line' id='line_1_30' title="bbox 338 3517 1433 3617; baseline 0.001 -27"><span class='ocrx_word' id='word_1_209' title='bbox 338 3541 439 3617; x_wconf 87' lang='lat' dir='ltr'><strong>pore.</strong></span> <span class='ocrx_word' id='word_1_210' title='bbox 478 3518 572 3590; x_wconf 89' lang='lat' dir='ltr'><strong>Nam</strong></span> <span class='ocrx_word' id='word_1_211' title='bbox 591 3517 690 3590; x_wconf 88' lang='lat' dir='ltr'><strong>idem</strong></span> <span class='ocrx_word' id='word_1_212' title='bbox 712 3517 912 3616; x_wconf 89' lang='lat' dir='ltr'><strong>episcopus</strong></span> <span class='ocrx_word' id='word_1_213' title='bbox 934 3517 1135 3614; x_wconf 89' lang='lat' dir='ltr'><strong>impatiens</strong></span> <span class='ocrx_word' id='word_1_214' title='bbox 1158 3518 1221 3590; x_wconf 92' lang='lat' dir='ltr'><strong>otii</strong></span> <span class='ocrx_word' id='word_1_215' title='bbox 1242 3528 1278 3590; x_wconf 91' lang='lat' dir='ltr'><strong>et</strong></span> <span class='ocrx_word' id='word_1_216' title='bbox 1296 3517 1433 3616; x_wconf 89' lang='lat' dir='ltr'><strong>quietis</strong></span> 
     </span>
     <span class='ocr_line' id='line_1_31' title="bbox 339 3617 1436 3716; baseline 0.001 -25"><span class='ocrx_word' id='word_1_217' title='bbox 339 3630 432 3714; x_wconf 89' lang='lat' dir='ltr'><strong>erat,</strong></span> <span class='ocrx_word' id='word_1_218' title='bbox 461 3617 656 3691; x_wconf 86' lang='lat' dir='ltr'><strong>etiterum</strong></span> <span class='ocrx_word' id='word_1_219' title='bbox 683 3618 881 3702; x_wconf 88' lang='lat' dir='ltr'><strong>occasione</strong></span> <span class='ocrx_word' id='word_1_220' title='bbox 907 3627 1074 3716; x_wconf 87' lang='lat' dir='ltr'><strong>accepta,</strong></span> <span class='ocrx_word' id='word_1_221' title='bbox 1101 3619 1285 3691; x_wconf 90' lang='lat' dir='ltr'><strong>alienatus</strong></span> <span class='ocrx_word' id='word_1_222' title='bbox 1310 3629 1368 3692; x_wconf 89' lang='lat' dir='ltr'><strong>est</strong></span> <span class='ocrx_word' id='word_1_223' title='bbox 1386 3621 1436 3692; x_wconf 91' lang='lat' dir='ltr'><strong>ab·</strong></span> 
     </span>
     <span class='ocr_line' id='line_1_32' title="bbox 339 3719 1437 3817; baseline -0.004 -24"><span class='ocrx_word' id='word_1_224' title='bbox 339 3743 397 3817; x_wconf 93' lang='lat' dir='ltr'><strong>eo,</strong></span> <span class='ocrx_word' id='word_1_225' title='bbox 421 3730 458 3793; x_wconf 89' lang='lat' dir='ltr'><strong>et</strong></span> <span class='ocrx_word' id='word_1_226' title='bbox 473 3720 618 3794; x_wconf 89' lang='lat' dir='ltr'><strong>additus</strong></span> <span class='ocrx_word' id='word_1_227' title='bbox 634 3719 792 3792; x_wconf 90' lang='lat' dir='ltr'><strong>inimicis</strong></span> <span class='ocrx_word' id='word_1_228' title='bbox 809 3719 900 3815; x_wconf 90' lang='lat' dir='ltr'><strong>suis,</strong></span> <span class='ocrx_word' id='word_1_229' title='bbox 920 3719 1034 3792; x_wconf 88' lang='lat' dir='ltr'><strong>multa</strong></span> <span class='ocrx_word' id='word_1_230' title='bbox 1055 3729 1184 3791; x_wconf 87' lang='lat' dir='ltr'><strong>contra</strong></span> <span class='ocrx_word' id='word_1_231' title='bbox 1204 3743 1290 3792; x_wconf 91' lang='lat' dir='ltr'><strong>eum</strong></span> <span class='ocrx_word' id='word_1_232' title='bbox 1310 3719 1437 3792; x_wconf 88' lang='lat' dir='ltr'><strong>moliri</strong></span> 
     </span>
     <span class='ocr_line' id='line_1_33' title="bbox 338 3819 1393 3920; baseline -0.003 -26"><span class='ocrx_word' id='word_1_233' title='bbox 338 3821 449 3920; x_wconf 90' lang='lat' dir='ltr'><strong>cepit,</strong></span> <span class='ocrx_word' id='word_1_234' title='bbox 469 3832 507 3894; x_wconf 88' lang='lat' dir='ltr'><strong>et</strong></span> <span class='ocrx_word' id='word_1_235' title='bbox 524 3821 644 3894; x_wconf 85' lang='lat' dir='ltr'><strong>factus</strong></span> <span class='ocrx_word' id='word_1_236' title='bbox 666 3831 724 3894; x_wconf 89' lang='lat' dir='ltr'><strong>est</strong></span> <span class='ocrx_word' id='word_1_237' title='bbox 742 3820 971 3894; x_wconf 88' lang='lat' dir='ltr'><strong>novissimus</strong></span> <span class='ocrx_word' id='word_1_238' title='bbox 991 3843 1096 3894; x_wconf 89' lang='lat' dir='ltr'><strong>error</strong></span> <span class='ocrx_word' id='word_1_239' title='bbox 1112 3820 1218 3920; x_wconf 93' lang='lat' dir='ltr'><strong>peior</strong></span> <span class='ocrx_word' id='word_1_240' title='bbox 1236 3821 1360 3918; x_wconf 88' lang='lat' dir='ltr'><strong>priore</strong></span> <span class='ocrx_word' id='word_1_241' title='bbox 1369 3819 1393 3891; x_wconf 78' lang='lat'><strong>³.</strong></span> 
     </span>
    </p>
   </div>
   <div class='ocr_carea' id='block_1_10' title="bbox 416 3937 1435 4036">
    <p class='ocr_par' dir='ltr' id='par_1_12' title="bbox 416 3937 1435 4036">
     <span class='ocr_line' id='line_1_34' title="bbox 416 3937 1435 4036; baseline -0.005 -20.885"><span class='ocrx_word' id='word_1_242' title='bbox 416 3944 472 4015; x_wconf 90' lang='grc'><strong>3.</strong></span> <span class='ocrx_word' id='word_1_243' title='bbox 515 3939 565 4011; x_wconf 85' lang='lat' dir='ltr'><strong>De</strong></span> <span class='ocrx_word' id='word_1_244' title='bbox 596 3938 824 4036; x_wconf 70' lang='lat' dir='ltr'><strong>repedicione</strong></span> <span class='ocrx_word' id='word_1_245' title='bbox 856 3938 959 4012; x_wconf 83' lang='lat' dir='ltr'><strong>ducis</strong></span> <span class='ocrx_word' id='word_1_246' title='bbox 985 3943 1021 4012; x_wconf 84' lang='lat' dir='ltr'><strong>in</strong></span> <span class='ocrx_word' id='word_1_247' title='bbox 1053 3937 1147 4012; x_wconf 83' lang='lat' dir='ltr'><strong>Wesl</strong></span> <span class='ocrx_word' id='word_1_248' title='bbox 1131 3939 1287 4027; x_wconf 80' lang='lat' dir='ltr'><strong>lsnlinm</strong></span> <span class='ocrx_word' id='word_1_249' title='bbox 1330 3941 1435 4013; x_wconf 67' lang='lat' dir='ltr'><strong>‘Dux</strong></span> 
     </span>
    </p>
   </div>
   <div class='ocr_carea' id='block_1_11' title="bbox 336 4107 1435 4331">
    <p class='ocr_par' dir='ltr' id='par_1_13' title="bbox 336 4107 1435 4331">
     <span class='ocr_line' id='line_1_35' title="bbox 339 4107 1435 4182; baseline 0.004 -20"><span class='ocrx_word' id='word_1_250' title='bbox 339 4107 365 4182; x_wconf 82' lang='lat'><strong>1)</strong></span> <span class='ocrx_word' id='word_1_251' title='bbox 385 4108 444 4165; x_wconf 90' lang='lat' dir='ltr'><strong>Non</strong></span> <span class='ocrx_word' id='word_1_252' title='bbox 469 4113 588 4167; x_wconf 79' lang='lat' dir='ltr'><strong>distinxit</strong></span> <span class='ocrx_word' id='word_1_253' title='bbox 614 4122 703 4166; x_wconf 84' lang='lat' dir='ltr'><strong>noster</strong></span> <span class='ocrx_word' id='word_1_254' title='bbox 725 4113 795 4166; x_wconf 87' lang='lat' dir='ltr'><strong>inter</strong></span> <span class='ocrx_word' id='word_1_255' title='bbox 820 4112 932 4182; x_wconf 88' lang='lat' dir='ltr'><strong>primam</strong></span> <span class='ocrx_word' id='word_1_256' title='bbox 958 4111 1125 4167; x_wconf 89' lang='lat' dir='ltr'><strong>obsidionem</strong></span> <span class='ocrx_word' id='word_1_257' title='bbox 1150 4112 1264 4166; x_wconf 85' lang='lat' dir='ltr'><strong>civitatis</strong></span> <span class='ocrx_word' id='word_1_258' title='bbox 1288 4109 1435 4166; x_wconf 85' lang='lat' dir='ltr'><strong>Haldens</strong></span> 
     </span>
     <span class='ocr_line' id='line_1_36' title="bbox 336 4181 1434 4271; baseline 0.002 -35"><span class='ocrx_word' id='word_1_259' title='bbox 336 4182 425 4249; x_wconf 87' lang='lat' dir='ltr'><strong>leben,</strong></span> <span class='ocrx_word' id='word_1_260' title='bbox 452 4203 476 4239; x_wconf 95' lang='lat' dir='ltr'><strong>a</strong></span> <span class='ocrx_word' id='word_1_261' title='bbox 498 4186 567 4240; x_wconf 83' lang='lat'>1179</span> <span class='ocrx_word' id='word_1_262' title='bbox 589 4186 695 4252; x_wconf 83' lang='lat' dir='ltr'><strong>lautam,</strong></span> <span class='ocrx_word' id='word_1_263' title='bbox 719 4187 762 4240; x_wconf 90' lang='lat' dir='ltr'><strong>cui</strong></span> <span class='ocrx_word' id='word_1_264' title='bbox 782 4184 920 4271; x_wconf 89' lang='lat' dir='ltr'><strong>Philippus</strong></span> <span class='ocrx_word' id='word_1_265' title='bbox 940 4181 1109 4240; x_wconf 85' lang='lat' dir='ltr'><strong>Coloniensis</strong></span> <span class='ocrx_word' id='word_1_266' title='bbox 1128 4186 1258 4251; x_wconf 84' lang='lat' dir='ltr'><strong>interluit,</strong></span> <span class='ocrx_word' id='word_1_267' title='bbox 1283 4194 1309 4238; x_wconf 88' lang='lat' dir='ltr'><strong>et</strong></span> <span class='ocrx_word' id='word_1_268' title='bbox 1327 4203 1434 4238; x_wconf 82' lang='lat' dir='ltr'><strong>secun-</strong></span> 
     </span>
     <span class='ocr_line' id='line_1_37' title="bbox 339 4255 1431 4331; baseline 0.002 -21"><span class='ocrx_word' id='word_1_269' title='bbox 339 4259 409 4322; x_wconf 86' lang='lat' dir='ltr'><strong>dam,</strong></span> <span class='ocrx_word' id='word_1_270' title='bbox 428 4229 743 4331; x_wconf 65' lang='lat' dir='ltr'><strong>quaWichmanuuia.</strong></span> <span class='ocrx_word' id='word_1_271' title='bbox 766 4258 833 4312; x_wconf 88' lang='grc'><strong>1181</strong></span> <span class='ocrx_word' id='word_1_272' title='bbox 856 4259 991 4312; x_wconf 80' lang='lat' dir='ltr'><strong>civitatem</strong></span> <span class='ocrx_word' id='word_1_273' title='bbox 1013 4260 1091 4330; x_wconf 88' lang='lat' dir='ltr'><strong>cepit,</strong></span> <span class='ocrx_word' id='word_1_274' title='bbox 1119 4279 1143 4313; x_wconf 85' lang='grc' dir='ltr'><strong>ι.</strong></span> <span class='ocrx_word' id='word_1_275' title='bbox 1163 4258 1235 4312; x_wconf 83' lang='lat' dir='ltr'><strong>Ano.</strong></span> <span class='ocrx_word' id='word_1_276' title='bbox 1259 4256 1323 4328; x_wconf 83' lang='lat' dir='ltr'><strong>Peg.</strong></span> <span class='ocrx_word' id='word_1_277' title='bbox 1326 4255 1431 4328; x_wconf 87' lang='lat' dir='ltr'><strong>,Palid</strong></span> 
     </span>
    </p>
   </div>
   <div class='ocr_carea' id='block_1_12' title="bbox 337 4276 1431 4406">
    <p class='ocr_par' dir='ltr' id='par_1_14' title="bbox 337 4276 1431 4406">
     <span class='ocr_line' id='line_1_38' title="bbox 337 4276 1431 4406; baseline -0.001 -22"><span class='ocrx_word' id='word_1_278' title='bbox 337 4327 438 4385; x_wconf 76' lang='lat' dir='ltr'><strong>Chion.</strong></span> <span class='ocrx_word' id='word_1_279' title='bbox 458 4330 543 4388; x_wconf 86' lang='lat' dir='ltr'><strong>Mout.</strong></span> <span class='ocrx_word' id='word_1_280' title='bbox 565 4332 668 4388; x_wconf 88' lang='lat' dir='ltr'><strong>Sereni.</strong></span> <span class='ocrx_word' id='word_1_281' title='bbox 743 4331 847 4404; x_wconf 73' lang='lat' dir='ltr'><strong>2lscil.</strong></span> <span class='ocrx_word' id='word_1_282' title='bbox 868 4333 929 4386; x_wconf 90' lang='lat' dir='ltr'><strong>duci</strong></span> <span class='ocrx_word' id='word_1_283' title='bbox 948 4329 1089 4388; x_wconf 86' lang='lat' dir='ltr'><strong>Heinrico.</strong></span> <span class='ocrx_word' id='word_1_284' title='bbox 1165 4331 1191 4406; x_wconf 79' lang='lat'><strong>3)</strong></span> <span class='ocrx_word' id='word_1_285' title='bbox 1210 4276 1431 4396; x_wconf 52' lang='grc'><strong>1111182161-</strong></span> 
     </span>
    </p>
   </div>
   <div class='ocr_carea' id='block_1_13' title="bbox 0 0 1565 5014">
    <p class='ocr_par' dir='ltr' id='par_1_15' title="bbox 0 0 1565 5014">
     <span class='ocr_line' id='line_1_39' title="bbox 0 0 1565 5014; baseline 0 0"><span class='ocrx_word' id='word_1_286' title='bbox 0 0 1565 5014; x_wconf 95' lang='lat' dir='ltr'><strong> </strong></span> 
     </span>
    </p>
   </div>
  </div>
 </body>
</html>
