3116 5014
322 449 369 522 42
422 447 631 522 ARNOLDl
658 445 900 524 CllllONlCA
927 445 1196 520 SLAVORUlll.
1240 446 1327 520 LlB.
1354 447 1396 520 ll.

226 665 309 720 tlte.
320 648 374 722 ois
395 647 622 746 palustribus
635 645 658 720 ¹.
703 647 871 720 Mortuus
900 657 959 720 est
978 656 1104 720 autem
1129 657 1218 718 tuuc
1237 644 1419 743 temporis

318 749 516 822 Heinricus
536 771 679 842 comes,
699 745 880 820 vitricus²
899 745 1047 820 comitis
1065 745 1198 840 Adolli,
1217 746 1279 843 qui
1298 747 1421 818 adbuc

317 849 542 922 adolescens
563 858 655 922 erat.
679 847 752 922 Sed
771 857 893 920 mater
912 847 993 920 eius
1011 847 1236 944 lllechtildis,
1252 849 1419 944 prudens

318 960 355 1022 et
381 949 558 1044 religioso
586 947 749 1042 femina,
777 948 898 1020 soluta
928 973 947 1020 a
974 947 1062 1044 lege
1088 947 1230 1034 mariti,
1264 949 1419 1020 domum

312 1049 414 1122 illius
443 1049 635 1147 sapienter
662 1048 896 1146 disponebat.
943 1047 1014 1136 Qui
1044 1072 1129 1120 cum
1157 1049 1267 1121 miles
1295 1048 1417 1120 factus

316 1149 465 1238 luisset,
492 1173 566 1220 non
586 1148 832 1246 degeneravit
851 1173 871 1222 a
892 1148 1027 1221 virtute
1048 1159 1214 1246 paterna.

392 1255 426 1321 7.
445 1247 499 1322 De
512 1255 627 1321 morte
639 1247 836 1322 noeman·
852 1256 887 1322 el
897 1252 1124 1322 successione
1142 1245 1290 1336 lafridi.
1311 1247 1417 1320 Tunc

315 1348 428 1422 etiam
456 1349 639 1448 temporis
665 1352 774 1422 beate
799 1350 982 1422 memorie
1002 1351 1164 1422 domnus
1183 1351 1418 1423 Evermodus
1544 1399 1545 1450 3

219 1449 637 1546 Fonr.llaoesburgensis
667 1461 836 1524 mortuus
865 1447 966 1545 est³,
1001 1453 1068 1524 sed
1096 1450 1193 1522 siout
1225 1447 1418 1522 devotioni
1544 1501 1545 1508 κ

240 1538 284 1592 ¹⁶·
309 1547 476 1624 fidelium
500 1551 637 1648 placet,
664 1549 754 1622 vivit
770 1551 807 1622 in
827 1550 989 1643 Christo,
1017 1551 1102 1648 quia
1122 1549 1340 1648 religiosam
1362 1549 1417 1620 vi·
1544 1585 1545 1644 }

310 1660 388 1722 tam
416 1652 557 1723 ducens
583 1650 620 1720 in
650 1650 848 1724 sanctitate
877 1661 914 1722 et
936 1651 1076 1724 iustitia
1100 1675 1220 1749 usque
1239 1651 1277 1722 in
1296 1648 1413 1722 finem

311 1753 593 1848 perseverabat,
620 1750 671 1821 ita
699 1760 750 1846 ut,
778 1749 875 1822 sicut
901 1751 1051 1848 quidam
1072 1761 1261 1846 asserunt,
1285 1773 1330 1823 eo
1350 1753 1413 1822 ad·
1544 1805 1545 1848 3

310 1852 384 1922 huc
403 1851 554 1924 vivente
574 1852 675 1922 Deus
701 1875 770 1948 per
795 1873 882 1924 eum
907 1851 1063 1924 virtutes
1083 1855 1266 1949 quasdam
1286 1850 1412 1946 signo·

308 1974 394 2024 rum
423 1960 601 2047 operatus
621 1949 743 2023 fuerit.
780 1953 824 2024 Et
844 1951 930 2049 quia
948 1951 1182 2049 oportunitas
1203 1975 1245 2025 se
1264 1951 1409 2048 optulit,

306 2074 385 2123 non
405 2051 553 2124 silentio
570 2054 819 2148 pretereunda
836 2062 935 2147 sont,
955 2076 1027 2149 que
1044 2052 1209 2126 fidelium
1226 2051 1409 2124 relatione
1495 2121 1498 2126 .

304 2151 517 2224 didicimus.
566 2150 708 2224 Accidit
744 2161 783 2224 ut
815 2155 977 2248 quodam
1012 2162 1184 2249 tempore
1210 2151 1408 2224 Heinricus

308 2275 438 2325 comes
457 2253 504 2326 de
523 2252 755 2349 Recesburg,
784 2252 889 2326 cuius
910 2252 1141 2349 temporibus
1160 2253 1260 2325 idem
1279 2251 1410 2350 presul

305 2376 328 2424 a
347 2355 442 2426 duce
458 2351 633 2426 Heinrioo
653 2353 698 2424 ad
714 2353 973 2450 episcopatum
991 2363 1147 2425 vocatus
1163 2353 1298 2447 fuerat,
1314 2355 1407 2424 duos

306 2453 465 2526 haberet
485 2453 652 2550 captivos
672 2452 842 2550 insignes
862 2456 907 2525 de
922 2453 1049 2528 Frisia.
1081 2454 1186 2540 Quos
1208 2477 1291 2525 oum
1313 2451 1406 2524 mul·
1542 2543 1544 2552 ,

303 2562 386 2624 tum
404 2553 598 2646 tyrannico
618 2575 724 2624 more
740 2551 998 2648 tormentaret,
1018 2553 1220 2651 episcopus
1236 2551 1290 2626 eis
1306 2576 1407 2624 oom-
1542 2553 1544 2562 ’

305 2654 452 2750 patiens
471 2651 599 2748 sepius
618 2652 809 2748 comitem,
827 2663 867 2724 ut
886 2677 951 2726 eos
968 2653 1195 2750 absolveret,
1215 2657 1404 2726 exorabat.

305 2751 378 2824 Sed
400 2751 460 2824 ille
481 2751 581 2824 nulla
603 2761 727 2824 motus
748 2752 990 2825 miseratione
1010 2777 1083 2826 uon
1104 2753 1229 2826 minus
1249 2753 1303 2826 eis
1321 2776 1404 2848 par·

301 2849 425 2924 cebat'.
456 2852 556 2924 lnter
571 2853 642 2924 hec
658 2851 847 2948 paschalis
863 2853 1081 2950 supervenit
1101 2853 1194 2950 dies,
1215 2864 1252 2926 et
1267 2853 1404 2950 captivi

302 2975 371 3049 pro
397 2951 610 3024 reverentia
636 2952 721 3024 festi
748 2951 881 3024 divinis
901 2953 1118 3048 intererant,
1144 2957 1213 3026 sub
1234 2953 1403 3026 custodia

303 3061 431 3124 tamen
447 3052 647 3125 durissime
663 3052 875 3150 compediti.
902 3054 1071 3150 Cumque
1087 3053 1288 3152 episcopus
1304 3054 1402 3126 facta

299 3152 525 3250 aspersione
542 3155 587 3226 ad
602 3177 668 3226 eos
684 3153 914 3249 devenisset,
931 3151 1079 3228 boia1n⁴
1093 3179 1191 3252 aqua
1206 3153 1401 3228 benedicta

303 3253 546 3326 miseratione
562 3252 891 3350 ductusaspersit,
910 3253 969 3326 liis
990 3278 1080 3326 usus
1100 3254 1245 3327 verbis:
1277 3253 1401 3326 Domi·

298 3373 370 3424 nus
389 3356 496 3448 eripit
512 3353 631 3450 elisos,
649 3353 828 3426 Dominus
844 3352 955 3426 solvit
970 3351 1228 3447 compeditos⁵.
1263 3355 1308 3426 Et
1325 3363 1400 3426 sta·

300 3451 368 3524 tim
389 3476 474 3526 curn
495 3476 632 3548 magno
654 3453 812 3551 strepitu
832 3453 914 3526 boia
929 3455 1132 3552 decrepuit.
1163 3457 1208 3528 Et
1222 3454 1272 3526 illi
1288 3453 1400 3526 soluti

300 3551 422 3625 Deum
450 3551 720 3648 glorificabant.
758 3554 837 3626 Heo
862 3552 899 3623 in
928 3565 1055 3628 monte
1084 3555 1204 3628 sancti
1224 3550 1398 3651 Georgiil

295 3662 385 3724 acta
403 3663 503 3748 sunt,
531 3653 590 3724 ubi
615 3662 704 3724 tunc
724 3652 949 3752 episcopalis
969 3657 1081 3727 sedes
1102 3665 1194 3752 erat,
1220 3678 1293 3752 que
1313 3677 1399 3728 nec·

299 3754 400 3846 dum,
434 3763 473 3824 ut
501 3776 611 3846 nunc,
643 3775 711 3849 per
735 3753 855 3824 Deum
884 3753 1159 3828 incrementum
1186 3763 1397 3852 acceperat.

297 3851 391 3924 Roia
415 3877 506 3924 vero
535 3855 579 3924 ad
607 3851 785 3925 indicium
810 3864 920 3950 geste
946 3855 1000 3927 rei
1025 3855 1061 3926 in
1087 3856 1249 3930 ecclesia
1270 3854 1397 3928 miultis

265 3982 270 3992 '
300 3983 324 4058 l)
344 3985 425 4040 Foeta
445 3997 486 4042 est
506 3985 573 4042 baec
592 4005 680 4059 pugna
700 4005 725 4044 a.
750 3985 829 4044 1178.
849 3989 920 4046 Ano.
941 3987 1038 4060 Pegai.
1111 3991 1138 4059 2)
1158 4009 1183 4046 v.
1203 3989 1342 4044 Helmold.
1361 3987 1396 4052 ll.

294 4075 323 4112 c.
343 4057 370 4112 7.
408 4059 493 4123 Obiit,
519 4061 542 4114 si
568 4071 658 4116 noster
685 4059 727 4114 bic
754 4065 876 4116 ordinem
897 4064 1025 4134 temporis
1044 4063 1174 4133 sequitur,
1201 4081 1226 4118 a.
1250 4062 1335 4126 ¹17&
1360 4063 1395 4116 cl.

297 4139 355 4185 not.
374 4131 455 4200 prior.
539 4133 566 4206 3)
587 4133 707 4190 Oblita.
729 4133 801 4187 1178
818 4137 846 4189 d.
867 4133 944 4190 Febr.
968 4134 1010 4191 16.
1053 4133 1083 4188 ll.
1102 4134 1175 4189 ‚lium
1192 4133 1268 4191 Stat.
1289 4145 1316 4190 et
1335 4133 1394 4188 Ne-

294 4203 363 4258 crol.
385 4202 535 4275 Luneburg.
649 4207 675 4279 4)
696 4207 779 4262 Boiae
802 4225 886 4276 genus
912 4208 1080 4264 vinculorum
1108 4219 1159 4262 tarn
1185 4209 1289 4264 ferreae
1315 4225 1396 4280 quam
1538 4261 1540 4268 ,

293 4275 402 4346 ligneae
422 4293 464 4347 ap.
484 4275 603 4334 Festum.
697 4281 723 4350 5)
743 4279 842 4336 Psalm.
867 4279 926 4343 145,
946 4279 971 4335 8.
1066 4281 1090 4350 6)
1112 4279 1203 4336 Helm.
1222 4281 1241 4336 l.
1264 4279 1284 4347 l,
1305 4299 1329 4336 c.
1349 4279 1394 4334 34.
1538 4287 1540 4296 '
