3116 5014
164 483 373 557 ARNOLDI
402 482 643 559 CHRONICA
669 483 938 560 SLAVORUM.
981 485 1066 562 LlB.
1089 488 1114 560 l.
1169 487 1217 562 35

113 687 189 780 bat,
207 684 407 774 insereret,
431 681 483 756 ita
510 685 556 756 de
575 687 775 760 verborum
795 683 876 760 eius
896 685 1076 761 melliflua
1095 689 1218 763 dulce·

115 785 202 858 dine
221 785 414 858 dulcorata
435 793 535 880 sunt,
561 794 601 856 ut
619 783 716 858 sicut
734 795 932 860 ostensum
952 789 1007 863 eis
1021 789 1144 862 fuerat
1165 791 1219 874 di·

116 896 246 958 cerent
284 908 371 958 eum
405 909 494 958 rere
525 883 676 958 felicem
707 887 901 984 presulem
939 899 976 962 et
1007 913 1098 962 vere
1129 888 1217 963 {idei

5 987 6 990 ’
114 989 319 1059 doctorem.

5 1093 9 1100 '
187 1087 272 1159 Dux
289 1095 422 1166 autem,
437 1087 572 1158 eodem
590 1093 765 1184 ternpore
785 1085 960 1160 edificare
980 1089 1079 1188 cepit
1099 1091 1218 1163 eccle·

114 1186 212 1260 siam
230 1185 459 1260 Lubioanam
478 1185 516 1256 in
535 1187 720 1260 honorem
738 1187 836 1260 beati
855 1189 1033 1262 Iohannis
1053 1190 1216 1289 baptiste

113 1297 152 1360 et
173 1287 293 1360 sancti
308 1285 449 1358 Nicolai
465 1287 696 1360 confessoris
712 1287 860 1363 Christi.
888 1291 933 1362 Et
951 1290 1114 1388 primum
1130 1315 1215 1364 cum

109 1384 287 1460 Heinrioo
308 1387 485 1485 episcopo
500 1387 665 1486 lapidem
679 1388 717 1460 in
732 1389 976 1462 fundamento
991 1393 1128 1489 posuit.
1160 1392 1214 1464 Ad

112 1487 219 1561 cuius
248 1488 616 1560 consummationem
645 1489 747 1562 dedit
774 1489 906 1588 quovis
935 1513 1034 1563 anno
1064 1502 1213 1565 centum

109 1611 259 1661 marcas
279 1587 533 1684 denariorum,
557 1587 729 1662 similiter
746 1589 784 1662 in
802 1590 1036 1689 Racesburg,
1057 1602 1094 1682 et
1113 1592 1215 1664 omni

5 1687 16 1770 J
111 1689 235 1762 studio
263 1689 412 1762 novelle
438 1689 659 1788 plantationi
684 1690 720 1762 in
749 1691 906 1788 regione
934 1692 1142 1791 aquilonari
1161 1693 1216 1764 in-

111 1789 278 1863 sistebat.
328 1789 401 1864 Sed
437 1789 511 1862 hec
545 1789 758 1862 desiderato
789 1791 864 1866 fine
892 1815 967 1865 non
1001 1793 1215 1892 complevit,

111 1890 197 1988 quia
226 1901 313 1988 post
330 1899 502 1988 tempora
522 1889 666 1964 dierum
685 1890 834 1964 illorum
856 1893 979 1966 factus
1005 1905 1063 1967 est
1088 1903 1213 1967 motus

111 2001 288 2089 magnus,
306 1991 368 2088 qui
389 2001 507 2064 totam
527 1987 731 2064 Saxoniam
752 1994 1004 2066 vehementer
1027 1993 1215 2066 concutie-

5 2121 6 2124 ¹
108 2095 185 2187 bat,
202 2103 238 2164 et
249 2091 476 2165 intermissis
488 2092 830 2167 constructionibus
846 2094 1216 2192 ecclesiarum,cepit

107 2189 262 2265 firmare
281 2191 444 2291 presidia
464 2191 655 2266 civitatum
677 2203 714 2266 et
736 2195 897 2292 urbium,
916 2195 1002 2293 quia
1022 2195 1117 2268 bella
1132 2195 1214 2292 plu-

99 2293 203 2365 rima
223 2295 406 2366 adversus
426 2317 514 2365 eum
535 2299 825 2390 consurgebant.

188 2397 244 2476 14.
272 2391 403 2466 Passio
420 2393 576 2466 lhomoe
594 2395 632 2465 in
645 2393 777 2489 Anqliu
796 2395 965 2488 episcopi.
998 2394 1104 2467 Circa
1119 2404 1213 2466 tem-

5 2537 7 2544 =
107 2517 181 2590 pus
201 2493 289 2566 illud
304 2517 441 2592 passus
460 2493 569 2566 estin
585 2493 719 2590 Anglia
735 2498 866 2567 beatus
882 2495 1047 2567 Thomas
1065 2495 1213 2570 Cantel-

106 2598 307 2690 bergensis
327 2593 649 2693 archiepiscopus,
668 2593 726 2666 vir
745 2595 943 2668 sanctitate
964 2605 1000 2667 et
1021 2595 1211 2668 miraculis

6 2691 10 2700 ’
106 2695 279 2792 insignis.
312 2695 382 2783 Qui
399 2718 484 2768 cum
500 2717 567 2793 pro
582 2695 668 2792 lege
682 2695 751 2768 Dei
771 2695 829 2778 sui
849 2706 1010 2768 certaret
1030 2699 1212 2794 usquead

5 2841 6 2844 =
107 2795 1212 2895 mortem,instantepersecutionistempestate,declinans

107 2895 183 2970 iras
210 2897 495 2994 malignantium
523 2894 686 2970 secessit
713 2899 759 2970 ad
787 2921 925 2996 papam
945 2897 1214 2992 Alexandrum,

108 2997 170 3094 qui
196 3007 285 3070 tunc
311 2997 349 3069 in
374 2997 530 3069 Francia
556 2997 743 3094 exulabat,
775 3007 813 3070 et
840 2999 939 3096 apud
966 3021 1053 3070 eum
1073 2997 1213 3071 mansit

108 3097 238 3172 diebus
258 3096 422 3194 multis¹,
454 3097 491 3168 in
512 3098 712 3171 sanctitate
732 3107 769 3170 et
788 3097 927 3170 iustitia
947 3098 1119 3172 serviens
1137 3099 1213 3170 Do·

5 3205 7 3212 ’
107 3197 210 3270 mino
236 3198 408 3272 omnibus
438 3198 568 3272 diebus
595 3198 669 3270 vite
699 3222 778 3271 sue.
820 3198 964 3270 Accidit
989 3208 1116 3270 autem
1137 3221 1211 3269 una

108 3299 266 3393 dierum,
295 3323 381 3372 cum
407 3299 635 3396 apostolicus
664 3301 815 3372 sederet
841 3321 926 3370 cum
952 3297 1145 3396 episcopo,
1171 3297 1226 3370 ut

108 3400 206 3472 forte
226 3399 357 3496 sitiret,
377 3399 522 3472 etdixit
541 3423 657 3496 puero
678 3399 872 3472 assistenti
892 3399 982 3472 sibi:
1009 3396 1112 3488 Affer
1125 3397 1214 3472 mitt

109 3523 247 3598 aquom
272 3498 316 3572 de
339 3501 452 3595 sonte,
477 3506 517 3572 ut
537 3497 669 3572 bidom.
711 3499 793 3587 Que
819 3523 904 3571 cum
931 3499 1042 3572 allata
1062 3499 1213 3596 luisset,

107 3599 197 3674 dixit
216 3601 446 3700 apostolicus
467 3600 664 3698 episcopo:
705 3598 863 3674 Benedic
881 3607 916 3674 et
932 3599 1020 3673 bibe.
1058 3599 1129 3688 Qui
1149 3602 1211 3672 be-

106 3699 247 3775 nedixit
266 3725 404 3801 aquam
425 3711 463 3774 et
481 3711 624 3774 mutata
644 3711 703 3774 est
721 3700 758 3772 in
777 3700 920 3787 vinum,
941 3711 978 3774 et
996 3700 1127 3775 bibens
1148 3699 1210 3771 de·

107 3802 160 3876 dit
185 3803 400 3902 apostolico.
443 3801 612 3900 Cumque
641 3801 870 3900 apostolicus
889 3799 1141 3888 intellexisset
1159 3799 1212 3870 vi-

106 3927 213 3998 num,
241 3905 338 3976 clam
361 3913 494 3976 vocato
514 3925 645 4001 puero,
668 3899 758 3974 dixit
777 3905 822 3976 ad
845 3927 965 4000 eumz,
997 3899 1092 3991 Quid
1110 3899 1212 3972 detu-

107 4001 325 4078 listi-michi?
359 4005 432 4094 Qui
447 4003 552 4078 dixit:
578 4001 731 4100 Aquam.
757 4003 802 4076 Et
817 4003 898 4076 ille:
924 3997 1126 4090 Affermihi
1144 3998 1213 4072 ud·

103 4104 187 4202 huc,
215 4107 279 4204 ait,
310 4103 355 4178 de
386 4103 524 4178 eadem.
575 4105 744 4202 Cumque
772 4103 845 4176 hoc
863 4105 1037 4176 secundo
1066 4102 1208 4174 lactum

106 4258 132 4331 13
151 4259 279 4386 ,Aissqlw
309 4259 427 4315 Thomas
452 4259 532 4314 rediit
556 4259 584 4312 in
604 4259 727 4330 patriam,
753 4259 816 4312 inde
835 4257 929 4328 pulsus
950 4257 982 4310 ab
1002 4253 1123 4311 Hernico
1143 4271 1210 4326 rege

103 4349 129 4386 ,ο
225 4373 232 4389 ι
1170 4349 1173 4356 .

930 4407 950 4477 3
961 4405 971 4424 .
