3116 5014
201 465 410 543 ARNOLDI
438 465 678 542 CHRONlCA
698 467 970 542 'SLAVORUM
1014 466 1100 542 LlB.
1119 469 1144 542 l.
1198 474 1242 543 31

152 669 327 768 princeps
356 667 622 742 devotissimus
650 667 687 739 in
715 679 847 740 ornatu
876 671 1009 744 domus
1037 669 1118 768 uei,
1144 681 1183 744 ut
1209 671 1338 747 inrita.

150 771 313 845 ecclesia
339 771 435 844 beati
459 768 586 864 Blasii,
613 767 674 866 qui
701 769 819 842 estin
846 769 1102 865 Bruneswicli,
1129 772 1247 844 cerni-

151 883 229 968 tur3
256 893 368 971 quam
394 881 521 944 tamen
547 869 838 943 adversitatibus
865 873 1175 969 succedentibus,
1199 876 1246 946 ad

152 997 246 1071 quas
275 973 424 1072 quidem
450 969 554 1044 inviti
581 971 793 1068 veniemus,
819 974 864 1044 ad
891 971 1033 1046 libitum
1061 997 1134 1046 non
1161 997 1247 1047 oon·

150 1073 365 1148 summovit.

231 1195 285 1268 13.
313 1192 367 1264 Ile
393 1191 561 1265 electione
580 1191 705 1264 domni
726 1190 890 1264 Heinrici
908 1191 1052 1265 abbatis
1070 1192 1246 1268 insedeat

150 1294 357 1366 lubicensis
384 1293 540 1366 ecclesie.
602 1294 691 1365 Post
717 1292 789 1364 heo
815 1315 899 1366 cum
925 1293 961 1365 in
982 1295 1246 1369 castroLune·
1318 1387 1321 1392 Ι
1440 1324 1448 1336 ·

150 1399 245 1492 burg
262 1394 409 1492 positus
438 1405 555 1487 esset,
582 1393 754 1472 adierunt
772 1416 858 1466 eum
879 1395 1047 1469 canonici
1066 1395 1247 1469 Lubicen-

151 1519 215 1569 ses
241 1505 435 1593 rogantes
461 1505 500 1568 ut
524 1495 604 1569 eius
625 1493 856 1592 providentia
875 1493 1049 1569 idoneum
1069 1496 1105 1569 in
1134 1499 1244 1572 domo

150 1597 218 1669 liei
250 1598 551 1695 dispensatorem
581 1597 783 1686 haberent,
819 1595 1009 1692 dicentes⁷
1036 1621 1079 1671 se
1111 1621 1245 1674 omnes

150 1697 316 1770 unanimi
345 1721 534 1770 consensu
561 1697 598 1770 iu
625 1721 827 1794 personam
856 1697 982 1770 domni
1000 1698 1164 1772 Heinrici
1184 1705 1247 1775 ab·

74 1887 76 1892 Ι
150 1799 244 1872 batis
273 1802 318 1872 de
347 1799 589 1872 Bruneswich
616 1798 859 1893 convenisse,
896 1809 1048 1872 etcum
1083 1801 1246 1876 ecclesie
1318 1822 1319 1826 ’

148 1923 218 1973 sue
254 1899 517 1998 preferendum
546 1899 771 1972 omnimodis
804 1907 1021 1997 exorarent⁷
1054 1901 1085 1974 si
1115 1912 1245 1976 tamen

148 2002 221 2074 hec
236 2026 366 2074 eorum
387 2001 514 2100 petitio
534 2001 594 2075 vel
613 1999 822 2100 designatio
843 2001 923 2074 eius
945 2003 1148 2076 consensui
1168 2027 1243 2076 non

147 2113 388 2200 repugnaret.
426 2102 567 2190 Quibus
587 2101 649 2174 ille
667 2102 879 2201 respondit:
911 2101 1056 2200 Fateor,
1073 2103 1245 2177 idoneam

147 2202 255 2276 valde
273 2227 349 2276 esse
361 2227 561 2296 personam
579 2209 613 2276 et
628 2205 745 2276 uirum
756 2202 972 2297 prudentem
986 2211 1021 2276 et
1035 2205 1244 2300 relipiosum

149 2311 185 2376 et
200 2307 310 2377 tritici
322 2304 419 2378 verbi
431 2304 498 2376 Dei
516 2307 688 2398 optineam
703 2309 941 2400 eropatorent.
969 2303 1043 2376 Serl
1056 2309 1143 2401 qnia
1157 2306 1244 2395 sicle·

148 2405 285 2478 litatem
301 2408 371 2478 oiri
397 2413 434 2478 et
449 2407 734 2478 conversationis
749 2407 912 2500 pratiam
929 2405 1103 2477 babemus
1122 2430 1244 2500 eaper-

147 2513 236 2604 tam,
255 2505 336 2580 icleo
350 2509 535 2602 presentia
553 2508 666 2600 ipsias
684 2509 721 2578 in
740 2504 849 2578 domo
868 2513 998 2578 nostra
1011 2507 1242 2580 Braneswiclt

145 2631 222 2681 non
246 2611 323 2681 sine
344 2611 451 2704 proni
477 2611 623 2680 iactura
648 2629 772 2679 carere
792 2629 1001 2700 possumus.
1042 2606 1094 2680 Ne
1121 2615 1243 2681 tomen

146 2712 246 2782 tante
264 2709 412 2782 utilitati
426 2711 608 2782 contraire
620 2707 810 2781 videamur
824 2713 859 2780 et
864 2711 1071 2803 petitionem
1086 2716 1241 2782 uestram

148 2813 282 2884 instarn
309 2817 343 2882 et
357 2808 612 2884 rationabilem
635 2809 690 2882 oel
715 2809 837 2882 leviter
854 2813 1058 2906 aspernari,
1086 2814 1154 2900 fiat
1168 2810 1243 2884 Do·

147 2915 236 2984 mini
264 2911 436 2984 uoluntas
463 2919 498 2984 et
520 2915 652 3007 uestra,
682 2913 869 3007 uirumque
895 2911 1134 2984 uenerabilem
1161 2936 1243 2984 carn

145 3011 284 3085 bonore
319 3011 370 3084 acl
403 3011 523 3085 sedem
552 3011 735 3084 Lnbicone
770 3011 914 3083 ecclesie
949 3010 1113 3086 deducite
1148 3019 1183 3084 et
1211 3015 1256 3086 ei*

147 3137 288 3186 ornnem
315 3115 550 3186 reverentiam
574 3119 609 3186 et
629 3111 884 3185 subiectionem
911 3112 1079 3186 cohibete.
1123 3115 1243 3186 Vene-

146 3225 233 3296 runt
254 3215 382 3312 itaque
406 3214 649 3288 Bruneswich
667 3213 747 3286 Odo
767 3216 946 3309 decanuS,
971 3214 1156 3286 Arnoldus
1181 3237 1242 3287 cu-

147 3325 241 3412 stos,
261 3313 439 3388 una‘oum
459 3312 883 3419 preposito1fleinrico‚
903 3314 1046 3386 notario
1066 3314 1184 3412 duciS,
1204 3325 1242 3388 et

144 3417 308 3513 ingressi
329 3415 558 3516 capitolium,
582 3427 762 3513 presente
781 3409 914 3490 abbate
933 3415 1170 3514 Sigebodone
1195 3418 1241 3490 de

142 3517 457 3616 Riddageshusen
477 3528 514 3590 et
532 3517 730 3591 Godelrido
756 3517 985 3616 preposit0²⁷
1009 3518 1240 3592 Ansehelmo

145 3619 373 3718 prepositoi,
399 3619 612 3692 detulerunt
629 3619 772 3693 litteras
793 3618 954 3692 ecclesie
973 3629 1183 3694 memorate
1201 3618 1239 3692 in

146 3719 245 3793 hunc
263 3723 436 3793 modum:
471 3733 474 3741 '

218 3837 366 3912 Fratres
393 3839 538 3912 ecclesie
558 3838 626 3912 Dei
644 3863 711 3938 qne
729 3847 784 3912 est
808 3841 845 3912 in
862 3837 1002 3912 Lubelre
1019 3862 1129 3911 sacro
1154 3860 1238 3910 con-

143 3943 263 4013 ventui
281 3943 493 4014 monosterii
510 3943 631 4014 sancti
643 3939 766 4036 Epidii
785 3943 822 4013 in
835 3939 1066 4014 Braneswiclt
1083 3935 1256 4012 saltitem-

145 4139 169 4211 1)
190 4137 283 4196 Sancti
303 4140 350 4196 Ste
370 4142 432 4195 lrani
458 4142 485 4196 in
504 4141 611 4205 Brema,
631 4159 656 4195 r.
682 4141 799 4212 diploma
819 4138 942 4212 Heinrici
967 4139 1043 4193 ducis
1062 4157 1110 4212 per
1129 4157 1237 4194 manum

143 4213 201 4267 eius
221 4217 312 4270 datum
363 4215 518 4286 ellenburg.
539 4214 621 4270 Urtb.
642 4213 663 4280 l,
682 4233 710 4268 n.
733 4213 794 4268 100.
895 4214 922 4285 2)
941 4212 1056 4268 Videtur
1076 4231 1134 4268 esse
1153 4231 1238 4284 pras·
1323 4215 1324 4220 ’

140 4286 448 4416 Βῖευίὲιὲεὲἑιὲδοοοηείε
473 4305 562 4362 neque
580 4305 644 4344 vero
663 4283 821 4342 Briclrensis.
924 4286 950 4359 3)
971 4284 1063 4342 Sancti
1083 4283 1190 4359 cyriaci
1208 4286 1236 4340 in
