3116 5014
140 447 375 522 ARNOLDI
402 451 646 526 CHRONlCA
675 451 945 528 SLA'VORUM.
988 453 1073 527 LIB.
1101 453 1144 527 ΙΙ.
1197 457 1245 529 53

139 649 242 721 omni
262 661 394 724 ornatu
415 675 483 724 suo
503 663 635 726 exusta
651 664 721 750 est,
741 665 778 726 et
793 657 890 752 quod
907 655 988 728 sine
1004 655 1146 753 gemitu
1167 645 1243 729 diei

139 773 215 823 non
230 763 369 849 potest,
389 751 584 826 multitudo
604 753 838 852 clericorum,
857 780 929 854 que
948 755 1056 852 quasi
1074 756 1112 828 in
1132 757 1235 853 asylo

138 875 182 925 sc
201 851 275 924 illic
294 863 504 951 receperat,
529 877 613 926 cum
631 854 725 954 ipsis
743 855 836 930 locis
861 857 1002 931 sanctis
1023 857 1237 932 excinerata

138 963 207 1026 est.
243 954 413 1026 Domnus
440 977 529 1026 vero
555 955 756 1055 episcopus
785 957 822 1030 in
843 960 954 1031 domo
972 958 1123 1057 propria
1141 958 1238 1056 igni·

136 1055 208 1127 bus
235 1055 498 1151 circumdatus,
531 1080 615 1129 cum
641 1070 801 1156 cognato
823 1083 891 1132 suo
910 1060 1072 1132 Romano
1102 1082 1236 1157 prepo-

138 1153 211 1228 sito
239 1166 275 1227 et
301 1155 382 1228 aliis
407 1156 534 1230 multis
561 1158 769 1256 captivatus
796 1171 867 1256 est,
896 1171 932 1232 et
960 1159 1116 1257 reliquie
1135 1159 1234 1234 beati

138 1255 332 1354 Stephani,
359 1281 452 1354 quas
478 1258 574 1330 forte
593 1261 639 1332 ad
659 1261 863 1357 presidium
883 1261 1083 1360 episcopus
1102 1284 1234 1334 secum

136 1357 332 1452 habuerat,
360 1361 405 1430 de
430 1359 579 1456 ignibus
599 1372 717 1460 rapte⁷
745 1362 852 1460 quasi
872 1361 1055 1435 semiuste
1074 1364 1232 1434 abducto

81 1488 84 1494 ·
136 1469 234 1531 sunt.
281 1457 464 1532 Oiudicia
483 1460 571 1533 Dei!
599 1466 758 1556 abyssus
785 1460 936 1536 multa1.
970 1463 1138 1535 Necesse
1161 1472 1234 1558 est,

135 1569 176 1631 ut
194 1557 348 1630 veniant
367 1562 557 1658 scandala,
574 1573 859 1662 verumptamen
875 1587 921 1636 ve
937 1562 1078 1635 homini
1098 1561 1150 1634 illi
1165 1586 1234 1660 per

134 1683 248 1758 quern
270 1661 489 1734 scandalum
508 1663 643 1736 venit2.
685 1665 758 1738 Sed
788 1665 871 1763 quis
900 1674 971 1757 est,
999 1663 1060 1762 qui
1079 1673 1234 1762 propter

136 1784 204 1834 sua
233 1770 388 1858 peccata
415 1767 597 1837 concedat
620 1767 749 1840 venire
777 1766 979 1839 seandala?
1024 1763 1168 1838 Omnes
1194 1763 1232 1836 in

134 1861 198 1934 tali
226 1885 316 1934 casu
344 1861 578 1938 innocentiae
599 1891 688 1939 suas
708 1871 945 1966 pretendunt,
969 1865 1231 1964 impunitatem
1256 1889 1257 1894 ’

135 1962 204 2037 sibi
224 1961 455 2061 promittunt7

235 2065 485 2163 Erroremque
504 2090 627 2164 suum,
647 2093 719 2166 quo
736 2079 926 2164 tueantur7
945 2063 1117 2140 habent³.

134 2163 208 2238 Sed
245 2175 399 2263 propter
432 2169 673 2264 precedentia
706 2171 840 2242 delicta
876 2192 968 2266 sepe
1005 2164 1231 2265 gravissima

133 2276 376 2364 peccatorum
403 2279 609 2342 nascuntur
635 2271 823 2343 scandala.
864 2270 969 2342 Unde
988 2271 1120 2341 beatus
1140 2265 1230 2337 Gre·
1347 2317 1351 2324 -

134 2367 262 2464 gorius
278 2367 384 2440 dicit:
412 2369 690 2466 Contempnenti,
704 2373 766 2468 qui
778 2395 852 2444 non
864 2368 943 2442 uult
947 2369 1119 2463 penitere,
1125 2367 1235 2458 ponit

133 2465 232 2540 Deus
259 2466 539 2566 offendiculum,
566 2470 704 2544 seilicet
725 2479 768 2544 ut
787 2473 938 2567 pravius
964 2469 1141 2564 inpinpot,
1168 2467 1231 2563 qui

134 2566 246 2641 leuius
263 2593 336 2642 non
348 2572 514 2663 penituit.
547 2571 718 2660 Quodam
738 2574 837 2646 enim
857 2582 1013 2671 peccata
1038 2578 1125 2642 sunt
1144 2591 1231 2666 pec·
1312 2619 1314 2622 -

16 2705 19 2712 v
134 2679 218 2742 cata
241 2681 277 2742 et
298 2671 444 2770 peccati
462 2696 574 2772 pena,
592 2677 753 2772 quedam
772 2685 897 2748 autem
913 2683 1001 2746 sunt
1019 2680 1057 2744 et
1074 2679 1230 2769 peecata

134 2780 172 2843 ct
197 2771 342 2869 peccati
368 2797 493 2846 causa.
531 2773 612 2847 Alia
641 2799 731 2848 vero
759 2785 914 2874 peccata
945 2785 982 2846 et
1007 2795 1123 2845 causa
1141 2779 1230 2843 sunt

131 2873 277 2970 peccati
305 2883 343 2945 et
360 2897 469 2972 pena.
506 2876 706 2949 Peccatum
727 2901 831 2974 ergo,
856 2877 953 2974 quod
972 2897 1042 2973 per
1058 2871 1229 2972 peniten-

132 2972 223 3045 tiam
250 2973 357 3046 citius
383 2999 457 3048 non
480 2977 638 3072 deletur7
666 2990 737 3050 aut·
753 2987 952 3076 peccatum
978 2984 1037 3047 est
1056 2983 1094 3046 et
1112 2995 1229 3045 causa

131 3075 291 3173 peccati2
306 3085 370 3148 aut
387 3087 584 3174 peccatum
605 3090 642 3151 et
660 3103 758 3178 pena
776 3077 943 3176 peccati:
960 3077 1117 3173 Propter
1136 3096 1226 3169 ergo

131 3175 371 3274 precedentia
399 3177 555 3275 delicta⁷
584 3190 623 3251 ut
654 3204 768 3278 supra
796 3179 1038 3271 dictumest,
1074 3173 1229 3246 veniunt

133 3277 327 3370 scandala⁷
361 3277 396 3350 id
424 3289 482 3352 est
508 3280 680 3378 graviora
705 3291 872 3379 peccata.
917 3279 1021 3352 Unde
1047 3274 1162 3348 David
1189 3273 1226 3346 in
1275 3351 1277 3356 ,

131 3377 297 3476 psalmo:
315 3375 463 3473 Appone
474 3382 699 3478 iniquitatem
707 3405 816 3476 super
829 3380 1055 3476 iniquitatem
1066 3399 1190 3448 eorum
1201 3371 1226 3446 ⁴.

131 3479 176 3551 Et
200 3478 296 3552 alius
328 3481 530 3579 propheta:
581 3481 742 3579 Sanquis
766 3483 979 3578 sanquinem
1003 3477 1159 3573 recipite,
1191 3474 1226 3589 id

132 3589 191 3652 est
217 3592 416 3678 peccatum
435 3594 591 3682 peccato
612 3595 671 3658 est
690 3584 930 3657 cumulatum.
966 3580 1040 3654 Sed
1062 3578 1226 3674 nunquid

131 3702 201 3780 per
216 3691 389 3780 pastores
409 3683 570 3758 ecclesie
591 3696 628 3758 et
646 3709 817 3759 summos
837 3680 1033 3782 pontifices
1052 3686 1228 3779 poterunt

130 3781 259 3855 venire
278 3784 483 3858 scandala?
522 3786 597 3884 Ipsi
617 3786 717 3859 enim
735 3785 914 3884 populum
934 3782 1002 3857 Dei
1021 3785 1067 3854 ad
1084 3789 1226 3853 terram

130 3883 407 3982 promissionis,
426 3895 464 3958 ut
475 3885 563 3959 olim
574 3888 738 3983 Moyses⁷
752 3885 939 3985 perhuius
951 3881 1068 3957 seculi
1078 3889 1225 3953 vastam

131 3982 369 4059 solitudinem
393 3988 531 4061 ducere
555 3988 737 4061 videntur.
781 3989 854 4060 Sed
882 3985 1024 4060 utinam
1051 3982 1111 4055 via
1137 4003 1224 4053 eum

129 4085 233 4180 regia
253 4087 402 4184 ducant,
427 4087 477 4161 ita
501 4100 632 4162 utnon
652 4089 869 4164 oecutiendo
888 4089 999 4160 ambo
1018 4085 1055 4156 in
1074 4083 1225 4156 foveam

130 4236 154 4306 1)
175 4237 272 4293 Psalm.
285 4239 331 4302 35,
347 4241 374 4295 7.
448 4243 475 4314 2)
487 4241 582 4296 Marah.
598 4242 639 4306 18,
656 4245 681 4298 7.
759 4242 784 4316 3)
805 4239 897 4298 Ovidii
913 4239 1054 4295 Fastorum
1067 4238 1086 4292 l.
1100 4236 1122 4292 1.
1138 4253 1165 4293 r.
1178 4233 1224 4289 ³2.

128 4309 154 4382 4)
174 4310 273 4370 Psalm.
294 4313 338 4377 69,
356 4313 403 4367 28.
490 4316 516 4385 5)
536 4313 655 4387 Sapient.
679 4317 720 4384 ¹4,
739 4317 785 4372 25.
