3116 5014
322 453 369 524 62
421 449 629 522 ARNOLDI
657 447 896 524 CHRONICA
924 447 1190 522 SLAVORUM.
1235 449 1321 524 ΗΒ.
1341 450 1384 523 ΙΙ.

236 713 240 720 .
321 659 422 723 terra
449 649 485 722 iu
513 649 662 749 propria
684 671 846 746 persona
872 649 1034 722 transire
1051 649 1197 724 Albiam
1225 650 1425 750 disposuit.

321 751 473 824 'fimens
502 761 650 844 autem,
675 773 723 821 ne
747 759 833 846 post
861 773 947 822 eum
974 761 1248 850 consurgerent
1273 752 1423 850 insidis,

321 853 533 951 Philippum
560 849 826 926 Colonieusem
853 874 937 922 cum
969 851 1051 925 aliis
1079 853 1307 951 principibus
1336 878 1421 952 pre·

223 1012 227 1019 .
322 954 422 1052 cepit
435 951 613 1026 servare1
633 951 887 1047 Bruneswich,
905 951 1165 1026 Bernhardum
1179 978 1269 1027 vero
1284 957 1421 1028 ducem
1482 974 1485 978 ·

322 1065 360 1127 et
379 1055 533 1126 fratrem
560 1053 641 1126 eius
662 1053 863 1149 Othonem7
890 1053 1140 1126 marcravium
1167 1056 1212 1128 de
1231 1055 1422 1129 Branden·

321 1157 453 1249 burch,
473 1179 557 1228 cnm
578 1153 659 1227 aliis
679 1153 905 1252 principibus
924 1153 1165 1228 orientalibus
1181 1167 1336 1254 propter
1350 1157 1423 1229 Lu·
1537 1197 1539 1250 ³

322 1260 608 1353 neuburgenses
637 1255 828 1353 deputavit
849 1254 1076 1329 Bardewich.
1120 1257 1205 1354 lpse
1234 1267 1361 1330 autem
1382 1258 1422 1330 in
1537 1277 1539 1320 ἓ

323 1358 501 1430 comitatu
527 1359 669 1429 habens
689 1355 979 1429 Wichmannum
999 1356 1363 1455 Magdeburgensen'r
1384 1370 1425 1432 et

322 1461 502 1532 domnum
511 1459 883 1555 Bavenbergensem,
894 1461 1067 1532 abbatem
1081 1459 1320 1555 vuldensem,
1334 1462 1426 1535 Cor·
1537 1473 1539 1496 ³

321 1561 537 1656 beiensem‚
566 1559 898 1652 Hersveldensem‚
926 1582 1011 1630 cum
1037 1559 1175 1633 Ottone
1203 1555 1424 1634 marchione

323 1663 368 1735 de
395 1662 515 1734 Misna
542 1671 579 1732 et
604 1660 719 1731 multo
739 1663 872 1732 robore
898 1659 1046 1732 militari
1064 1660 1274 1734 Suevorum
1295 1673 1332 1734 et
1351 1663 1424 1735 Ba-

321 1782 499 1834 varorum
528 1761 710 1834 convertit
737 1759 941 1833 exercitum
968 1785 1104 1834 versus
1133 1762 1289 1835 Albiam.
1336 1763 1421 1850 Quo

317 1863 588 1961 appropiante,
619 1861 836 1934 Lodewicus
868 1861 1125 1959 provincialis,
1156 1863 1217 1961 qui
1245 1863 1347 1960 prius
1381 1865 1422 1936 in

321 1965 549 2060 Lunenburg
569 1961 857 2042 custodiebatuu
885 1965 1066 2036 deductus
1093 1974 1152 2037 est
1170 1963 1355 2062 Sigeberg
1383 1977 1424 2038 et

323 2065 371 2139 ibi
388 2064 525 2136 arctius
542 2063 708 2136 custodie
724 2073 782 2136 est
795 2063 961 2136 traditus.
990 2065 1071 2136 Dux
1086 2075 1212 2138 autem
1227 2076 1315 2139 tuuc
1329 2078 1426 2140 tcm-

323 2166 425 2265 poris
443 2164 596 2238 Lubeke
617 2164 840 2237 constitutus
863 2174 954 2259 erat,
980 2165 1155 2238 muniens
1174 2166 1362 2240 civitatem
1384 2179 1425 2240 et

324 2267 475 2365 erigens
503 2266 700 2339 machinas
721 2265 867 2337 multas,
905 2265 1047 2353 Quibus
1074 2266 1277 2364 dispositis7
1304 2268 1422 2341 indie

252 2369 579 2468 lun.ap0stolorum
595 2367 693 2440 Petri
709 2377 746 2438 et
760 2367 861 2438 Pauli
881 2367 969 2440 abiit
987 2368 1215 2465 Racesburg.
1252 2371 1422 2467 Cumque

252 2464 298 2520 ²⁹·
324 2495 436 2544 mane
456 2471 541 2542 iude
562 2468 862 2566 proficisceretur
880 2471 1040 2541 tendens
1060 2471 1105 2541 ad
1123 2470 1282 2566 Albium,
1302 2471 1422 2544 secuti

325 2595 414 2644 eum
441 2581 529 2642 sunt
555 2593 688 2642 omnes
714 2567 775 2665 qui
801 2569 980 2640 in'castro
1000 2569 1162 2666 fuerunt,
1182 2570 1291 2668 quasi
1310 2574 1424 2644 dedu·

327 2682 457 2744 centes
478 2693 565 2742 eum
589 2693 674 2741 cum
695 2669 842 2764 gaudio.
878 2669 1054 2742 Videntes
1074 2681 1201 2744 autem
1223 2672 1275 2744 hii
1294 2672 1423 2770 quide

325 2782 432 2872 parte
459 2769 639 2842 Bernardi
667 2769 811 2841 comitis
837 2769 885 2842 ibi
917 2783 1200 2861 remanserantff
1229 2777 1326 2872 quod
1359 2799 1423 2848 va-

326 2896 438 2946 cuum
464 2883 568 2944 esset
597 2880 774 2963 castrum,
798 2881 954 2968 repente
980 2885 1259 2970 occupaverunt
1277 2875 1365 2947 illud
1386 2885 1425 2947 et

327 2983 436 3072 capta
456 2997 542 3045 arce
563 2971 828 3044 concluserunt
845 2971 975 3046 valvas
1004 2973 1083 3047 eius
1107 2985 1144 3046 et
1163 2985 1343 3074 quotquot
1366 3001 1424 3048 re-

326 3083 548 3148 manserant
567 3076 613 3146 de
635 3071 755 3146 servis
778 3072 881 3146 ducis
901 3073 1001 3147 foras
1021 3075 1222 3148 eiecerunt.
1257 3079 1340 3150 Dux
1359 3102 1424 3150 an-

325 3187 404 3250 tem
430 3175 608 3270 audiens,
628 3177 725 3272 quod
752 3173 891 3246 factum
920 3175 1063 3271 fuerat,
1090 3178 1268 3251 frendens
1295 3179 1422 3250 animo

325 3301 504 3350 reversus
532 3287 589 3348 est
615 3279 659 3348 ad
680 3285 845 3348 castrum
874 3287 911 3348 et
928 3275 1071 3350 invenit
1090 3289 1218 3350 contra
1243 3303 1284 3352 se
1310 3279 1424 3353 obsti·

325 3389 436 3451 natos
462 3377 786 3450 animosillorum.
828 3377 998 3475 Repente
1024 3389 1151 3452 autem
1176 3379 1278 3452 misit
1305 3381 1424 3478 Syge-
1523 3457 1536 3488 d

325 3483 442 3577 berge
457 3480 502 3552 ad
512 3478 744 3576 Luppoldum
759 3478 920 3550 etPlune
935 3482 980 3553 ad
991 3479 1240 3578 Marcradum,
1253 3492 1294 3554 ut
1308 3506 1425 3580 quau·

316 3581 446 3654 'tocius
466 3578 639 3653 venirent
657 3602 742 3652 cum
764 3578 943 3675 Holzatis‚
969 3580 1000 3652 si
1027 3580 1123 3654 forte
1145 3593 1278 3680 posset
1297 3583 1423 3656 eicere
1533 3625 1536 3638 ·

325 3682 427 3780 illos⁷
455 3680 540 3778 quia
565 3679 673 3778 pauci
703 3689 819 3752 erant.
868 3679 1014 3752 Interea
1045 3681 1148 3756 venit
1179 3683 1239 3781 qui
1268 3684 1423 3780 diceret,

324 3783 401 3856 iam
419 3782 642 3881 appropiare
662 3803 847 3875 cesarem,
865 3790 902 3852 et
921 3780 975 3854 sic
992 3780 1130 3856 infecto
1150 3785 1301 3882 negotio
1322 3784 1423 3882 abiit,

327 3908 479 3957 amarus
502 3882 540 3954 in
568 3880 822 3978 indignatione
849 3881 964 3954 animi
989 3883 1047 3956 sui
1075 3895 1113 3957 et
1138 3886 1242 3959 venit
1267 3887 1423 3960 Ertene-
1534 3895 1535 3902 ’

326 3988 432 4082 burg.
473 3985 519 4057 Et
536 3982 668 4056 videns
688 3981 989 4082 appropinquare
1012 3996 1136 4059 castra
1156 3987 1311 4084 cesaris⁷
1339 4011 1424 4062 suo-

327 4084 451 4158 cendit
476 4084 602 4182 ipsum
627 4093 791 4157 castrum
823 4093 860 4158 et
886 4083 1082 4184 ingressus
1115 4088 1327 4162 naviculam
1353 4111 1426 4186 per

327 4184 458 4257 divexa
476 4186 581 4258 Albie
599 4183 843 4284 proficiscens
863 4185 951 4260 abiit
969 4186 1147 4262 Stadium.

328 4321 353 4395 1)
374 4322 391 4378 i.
413 4339 437 4377 o.
456 4322 607 4377 observare.
