3116 5014
324 471 369 540 14
409 461 622 537 Anuouur
650 462 894 538 cunourcn
921 463 1188 540 suavorum.
1215 449 1304 540 tre.
1317 467 1343 541 1.

229 677 310 733 ¹1⁷2·
323 669 429 764 citur,
457 689 572 765 aquo
599 667 688 739 urbs
708 675 746 740 et
764 665 910 762 civitas,
938 692 1010 766 que
1038 667 1076 748 iu
1103 669 1222 742 altera
1247 670 1328 769 ripa
1348 670 1424 745 sita

322 781 394 866 est,
421 791 561 840 nomen
585 766 741 864 accepit.
794 766 928 840 Gravis
953 779 1081 842 autem
1109 769 1276 844 mestitia
1303 774 1425 845 duces

230 866 396 994 ΜἺίΙΙίο
420 868 592 968 perculit.
634 867 729 939 Nam
756 867 840 966 ipsa
864 879 975 942 nocte
1002 893 1068 944 rex
1095 893 1243 944 veneno
1269 871 1425 968 interiit5

305 967 563 1070 ‘appotiatus1
589 978 630 1039 ut
648 967 775 1040 dicunt
798 969 954 1043 afratre
978 969 1085 1065 suo²‚
1110 995 1222 1068 quem
1249 975 1296 1046 de
1320 983 1421 1045 terra

324 1075 497 1146 eiecerat.
529 1070 636 1142 Unde
648 1069 754 1165 gravi
774 1067 977 1144 afflictione
993 1072 1183 1144 constricti
1198 1072 1421 1170 ignorabant

323 1173 411 1272 quid
430 1179 599 1268 agerent.
645 1171 726 1242 Dux
747 1170 848 1242 enim
867 1171 1030 1245 Saxonie
1049 1171 1216 1269 graviter
1234 1197 1320 1245 cum
1341 1173 1422 1246 suis

323 1277 546 1370 angebatur,
574 1271 671 1367 quod
700 1271 736 1341 iu
762 1272 1067 1368 peregrinatione
1095 1272 1322 1347 constitutus
1341 1285 1426 1346 tuto·
1550 1339 1553 1350 .

323 1373 479 1447 ulterius
501 1369 675 1469 progredi
694 1395 768 1442 non
787 1383 932 1469 posset,
950 1373 1036 1470 quia
1055 1384 1177 1447 morte
1196 1374 1297 1470 regis
1314 1374 1426 1472 quasi.
1552 1429 1553 1468 q

323 1475 539 1574 prefocatus
555 1475 690 1544 ducem
706 1471 765 1544 vie
780 1472 921 1546 habere
937 1498 1011 1546 non
1027 1485 1184 1572 poterat.
1204 1475 1282 1546 Nec
1296 1475 1426 1547 minus
1552 1507 1553 1534 r

253 1581 255 1584 ’
323 1573 440 1648 alter³
459 1571 696 1669 affligebatur
723 1575 769 1644 de
794 1582 873 1645 tam
901 1574 1024 1647 subito
1053 1575 1155 1672 regis
1183 1575 1348 1670 interitu,
1377 1599 1422 1646 eo

324 1679 421 1774 quod
447 1674 648 1746 intestatus
676 1671 832 1745 obiisset
857 1684 895 1747 et
921 1698 1094 1748 sororem
1120 1699 1229 1748 suam
1258 1675 1428 1770 viduamq¹

324 1784 574 1875 pregnantem
585 1783 726 1867 tamen,
737 1773 844 1869 quasi
860 1786 1050 1848 exsortem
1064 1776 1171 1873 regni
1187 1775 1269 1849 sine
1280 1777 1425 1848 herede

323 1876 550 1974 reliquisset.
595 1873 758 1946 Consilio
785 1883 913 1948 autem
945 1875 1085 1972 habito,
1115 1876 1222 1949 missi
1254 1887 1355 1950 sunt·
1377 1877 1423 1948 ad

324 1975 667 2074 archiepiscopum,
682 1974 744 2070 qui
758 1985 848 2047 tunc
866 1975 903 2047 in
920 1977 1069 2050 civitate
1085 1977 1311 2050 constitutus
1327 1986 1429 2072 eratq

323 2077 419 2175 regii
434 2076 575 2148 funeris
589 2075 756 2172 exequiis
768 2087 987 2176 occupatus,
999 2079 1192 2152 Conradus
1206 2079 1423 2176 episcopus,

323 2177 522 2252 Heinricus
548 2180 676 2269 abbas,
707 2175 904 2250 bertoldus
932 2181 1062 2274 abbas,
1090 2189 1276 2276 quatenus
1303 2177 1427 2276 ipsius

325 2277 560 2352 ordinatione
579 2279 652 2348 dux
671 2275 834 2349 Saxonie
860 2281 995 2352 ducem
1022 2279 1167 2351 itineris
1192 2279 1333 2351 habere
1359 2301 1427 2375 po-

325 2380 471 2454 tuisset.
510 2377 581 2465 Qui
608 2375 823 2450 benivolum
844 2403 886 2452 se
906 2379 992 2451 huic
1011 2379 1168 2476 negocio
1189 2378 1367 2472 exhibuit,
1387 2387 1426 2450 et

326 2479 542 2553 convocatis
560 2477 787 2576 principibus
801 2482 954 2552 tandem
970 2481 1180 2554 ordinatum
1201 2490 1273 2575 est,
1292 2490 1332 2552 ut
1344 2479 1428 2551 Flo·
1551 2527 1552 2530 =

326 2581 470 2653 rectius
499 2602 614 2676 supra
641 2591 874 2652 memoratus
899 2605 984 2654 cum
1008 2584 1103 2654 duce
1122 2584 1347 2679 procederet
1363 2579 1424 2651 via
1551 2575 1552 2622 l

327 2705 401 2780 qua
421 2690 585 2777 ceperat.
1031 2708 1033 2714 ’

429 2785 462 2855 3.
488 2781 588 2852 Item.
628 2778 782 2852 Dimissi
801 2779 915 2877 igitur
932 2783 1005 2853 dux
1026 2790 1063 2853 et
1082 2779 1139 2853 sui
1158 2803 1341 2878 prospere
1361 2805 1428 2850 na-

326 2881 505 2978 vigabant
516 2905 583 2979 per
597 2880 736 2978 aliquot
751 2881 845 2976 dies3
856 2892 893 2954 et
906 2881 1117 2954 inciderunt
1131 2883 1317 2978 quoddam
1328 2879 1428 2978 peri·

328 2983 467 3078 culum,
487 2984 584 3079 quod
607 2978 835 3076 vulgariter-⁴
849 2981 971 3054 'skere
993 2981 1139 3075 dicitur,
1167 2980 1252 3078 quia
1275 2980 1324 3054 ibi
1344 3003 1428 3052 sco·

326 3082 403 3182 puli
431 3081 697 3155 immanissimi
723 3085 768 3154 ad
794 3081 913 3154 instar
944 3081 1126 3154 montium
1152 3080 1427 3178 prominentes⁷
1551 3149 1552 3166 2

328 3207 487 3282 quorum
515 3183 578 3254 uni
608 3183 804 3256 castellum
835 3181 1053 3280 impositum
1087 3180 1181 3278 este
1206 3181 1427 3279 interceptis

328 3284 436 3382 aquis
461 3283 611 3356 meandi
638 3283 816 3356 facultate
844 3287 1048 3378 subtracta,
1066 3281 1430 3355 difficillimum-illic
1551 3287 1552 3308 ¹

328 3384 593 3482 navigantibus
620 3383 818 3456 transitum
839 3384 1027 3478 fecerunt3
1054 3407 1151 3481 aque
1178 3383 1279 3456 enim
1307 3383 1344 3454 in
1370 3405 1431 3453 ar-

329 3496 430 3559 ctum
457 3485 613 3557 collecte
639 3483 759 3580 primo
784 3483 934 3580 quidem
963 3493 1239 3581 consurgentes
1267 3483 1429 3555 intume-

328 3596 438 3660 scunt
464 3595 501 3658 ct
527 3593 661 3682 postea
686 3607 825 3680 magno
851 3584 1003 3680 fragore
1026 3607 1174 3682 quaque
1201 3583 1238 3656 in
1263 3605 1428 3681 preceps

329 3689 476 3760 cudunt.
530 3685 673 3758 Omnes
699 3695 828 3756 tamen
857 3707 976 3756 naves
1004 3693 1096 3756 nutu
1122 3685 1192 3757 Dei
1216 3683 1291 3756 illic
1317 3683 1429 3757 illese

327 3784 571 3880 transierunt²
599 3787 665 3856 sed
695 3785 799 3856 solus
827 3787 899 3856 dux
925 3784 1062 3858 ibidem
1082 3784 1323 3882 naufragium
1342 3807 1427 3882 per·

330 3949 355 4020 l)
375 3951 393 4004 i.
408 3967 432 4005 e.
454 3965 557 4003 veneno
576 3947 731 4004 exstinctus.
770 3945 846 4003 Obiit
866 3946 1018 4019 Stephanus
1037 3948 1082 4003 die
1099 3945 1180 4004 Mart.
1193 3948 1220 4003 4.
1302 3947 1330 4018 2)
1348 3943 1429 3999 Belo.

328 4021 355 4092 3)
375 4021 523 4076 Heinricus
543 4023 596 4074 dux
615 4019 753 4075 Austrice.
851 4022 878 4092 t)
901 4021 959 4076 Vox
978 4022 1151 4076 usitatissima
1171 4024 1205 4077 ad
1224 4019 1428 4092 significandam

207 4156 209 4160 v
328 4095 498 4164 scopulosam
519 4093 749 4164 Scaniaeripam.
847 4095 874 4169 ll)
893 4092 928 4150 Ut
946 4094 1052 4150 ridetur
1071 4095 1220 4160 castellum,
1240 4093 1305 4147 olim
1325 4090 1428 4144 dictum

328 4165 478 4238 Kampses,
498 4167 526 4220 in
545 4168 730 4238 promontorio
745 4166 869 4235 Grebeu,
889 4186 943 4223 uuo
965 4169 1073 4222 milliari
1092 4169 1193 4223 distans
1212 4181 1228 4219 a
1248 4165 1356 4220 civitate
1368 4161 1428 4216 Po-
1550 4197 1551 4200 =

328 4257 399 4296 rcoz.
438 4239 540 4295 Confer
559 4243 593 4295 de
613 4249 668 4294 toto
687 4241 739 4296 hoc
758 4242 853 4296 itinere
873 4259 942 4313 quae
962 4242 1144 4296 eruditissime
1163 4238 1290 4293 disseruit
1308 4236 1429 4306 Anony-

329 4332 388 4368 mus
408 4313 436 4368 iu
448 4311 561 4368 Wiener
574 4312 741 4370 lahrbiichcr
760 4317 808 4370 der
820 4314 956 4370 Literatur
974 4313 1005 4370 Τ.
1019 4314 1063 4369 42.
1080 4310 1159 4368 1828.
1174 4329 1200 4384 p.
1214 4309 1260 4368 32.
